2746 4724
668 247 709 321 50

139 461 211 510 rum
232 445 285 512 ille
307 445 436 515 exhibet
456 452 618 527 multaeque
638 453 742 513 bodie
759 457 858 529 qeutos
876 458 953 527 suut,
970 449 1082 521 meiius
1095 449 1146 517 hio
1158 457 1235 516 mul·

135 563 182 621 tae
210 561 391 637 hodieque
411 581 441 638 q.
462 580 487 623 s.
718 637 720 642 Ι

157 660 160 665 ’
236 671 455 747 Quandoque
483 683 540 732 sex
570 666 647 732 loeis
666 665 713 730 itu
734 670 923 747 usurpatum
945 672 1007 749 est,
1030 673 1068 735 ut
1090 670 1132 735 sit
1152 668 1236 735 idem

137 773 221 856 quod
242 780 420 853 aliquando:

203 882 346 953 profunda
362 899 449 953 supra
466 899 516 938 uos
534 882 651 938 altitudo
668 883 796 953 tuuqores
812 882 906 946 oeuiet,
921 901 1015 952 pauca
1026 885 1139 956 iuqem'a
1151 893 1235 957 eaput

177 1001 179 1005 ν
207 975 329 1025 ausereut
349 975 373 1025 et
391 971 422 1024 iu
440 970 510 1025 odem
528 969 723 1039 quaudoque
741 969 879 1024 mdeutu'um
896 971 1006 1028 metum
1023 973 1153 1029 oblivioni
1169 973 1235 1029 resi·

205 1063 277 1114 aeut
287 1075 329 1128 ep.
340 1061 416 1123 21,5.
454 1064 484 1113 ut
502 1054 695 1128 quaudoque
714 1058 844 1113 morioris
856 1059 937 1114 etiam
953 1059 1168 1130 iuoo'toqooeo‘tum
1186 1067 1235 1128 est,

204 1153 235 1202 ut
252 1164 311 1201 eum
330 1147 399 1202 votes
417 1148 449 1201 o'm
470 1153 520 1202 tua
537 1163 620 1202 mauu
642 1152 682 1201 eet
699 1164 741 1216 ep.
764 1148 822 1217 117,
842 1149 884 1201 22.
930 1165 978 1202 use
1001 1150 1175 1217 committam,
1198 1155 1231 1205 ut

203 1235 293 1304 possit
311 1235 498 1305 quaudoque
516 1235 604 1291 dicere
622 1236 649 1290 d.
667 1235 695 1292 b.
714 1234 795 1305 1114,
810 1237 835 1291 ὃ.
867 1252 901 1291 ue
917 1236 956 1291 su't
973 1238 1174 1307 quaudoque
1192 1254 1234 1294 oe·

206 1325 287 1379 tutus
307 1340 374 1378 uaoo
392 1340 471 1394 opere
488 1324 559 1379 dura
577 1324 682 1380 molitio
701 1342 728 1379 n.
740 1323 815 1392 q.111
829 1325 872 1394 30,
886 1327 909 1376 1.
946 1325 1038 1395 (quas)
1056 1326 1139 1382 basta
1153 1343 1234 1397 qrae-

206 1414 276 1468 tam's
287 1412 388 1481 iufamo'
397 1415 471 1482 tuero
490 1418 514 1468 et
533 1412 731 1482 quaudoque
743 1418 932 1485 suppuraturo
945 1418 1046 1470 eumad
1059 1413 1133 1470 di.X
1147 1415 1189 1474 12.
1209 1417 1234 1471 1.

205 1506 257 1556 stet
275 1500 384 1556 ticet...
409 1517 497 1570 suque
513 1517 554 1555 me
573 1501 773 1571 quaudoque
791 1500 843 1556 erit
862 1521 888 1555 n.
908 1519 934 1571 q.
953 1501 992 1555 Vl
1011 1503 1038 1570 2,
1058 1502 1083 1556 t.

234 1597 300 1664 Neo
321 1599 424 1663 minus
445 1615 540 1679 saepe
554 1596 779 1664 coniunctionis
797 1598 980 1679 temporalis
994 1598 1062 1664 vioe
1076 1597 1229 1681 fungitur,

135 1713 172 1774 ut
205 1705 359 1792 significet
383 1714 514 1788 quaudo,
543 1713 675 1773 rimulae.
718 1707 824 1790 Atque
853 1707 894 1774 ab
919 1694 1005 1773 ¹emm
1035 1705 1236 1772 dubitatione

135 1818 253 1885 absunt
273 1834 354 1898 quae
377 1819 526 1882 secuntur
547 1815 687 1896 exempla
709 1817 790 1881 triu:
824 1894 825 1897 Ἴ

208 1925 278 1991 ideo,
297 1924 487 1995 quaudoque
507 1924 619 1979 ultimus
647 1923 704 1979 dies
721 1925 832 1995 oeuert't,
850 1941 907 1980 mou
929 1926 1103 1981 cunctabitur
1125 1925 1238 1996 eaqueus

204 2015 245 2071 ire
262 2014 428 2075 aemorum
445 2018 516 2069 oerto
533 2012 625 2082 qradu
642 2013 679 2069 di.
697 2013 724 2068 X
743 2015 784 2082 11,
803 2015 828 2068 b.
870 2029 932 2084 erqo
957 2013 1157 2083 quaudoque
1172 2010 1257 2084 mla·v

109 2131 111 2135 ⁷
206 2117 348 2159 sumeres
364 2119 451 2159 uooae
468 2103 577 2167 maudo,
604 2102 647 2172 sie
662 2103 694 2158 iu
710 2119 759 2158 uos
785 2120 859 2158 mare
888 2103 1023 2159 emittitur
1052 2104 1173 2174 eumer,
1203 2109 1237 2159 ut

206 2208 233 2246 n.
253 2209 279 2260 q.
298 2191 340 2246 111
357 2193 400 2262 28,
420 2193 445 2246 7.
481 2207 548 2261 quae
564 2208 621 2246 uou
634 2197 724 2261 potest
749 2209 842 2248 amare
859 2193 982 2248 siuoerue
1005 2194 1114 2248 emimus
1132 2209 1166 2248 ae
1183 2209 1235 2250 ma-

205 2284 285 2334 turae
303 2294 369 2334 suae
380 2278 478 2334 medeor
489 2279 554 2335 iouis
565 2280 631 2349 ipse,
650 2296 744 2349 sepem
757 2285 782 2335 et
795 2281 993 2351 quaudoque
1010 2282 1125 2336 emissus
1137 2280 1235 2350 suerit,

208 2366 246 2422 ad
270 2382 375 2422 mmmm
404 2354 567 2423 emicaturus
588 2367 626 2422 di.
645 2368 697 2422 XII
717 2369 763 2436 11,
786 2371 810 2423 6.
841 2370 972 2424 mendum
995 2371 1069 2439 quod
1091 2370 1120 2424 in
1138 2370 1233 2425 verbis

205 2455 268 2510 leode
285 2456 345 2526 ipse
363 2473 459 2527 expers
477 2456 668 2526 deprenditur,
683 2457 842 2528 Madvigius
859 2460 900 2512 ita
918 2460 1064 2513 sustulisse
1082 2458 1136 2512 sibi
1153 2457 1232 2512 risus

205 2547 257 2612 est,
289 2547 321 2597 ut
349 2543 485 2599 scriberet
505 2536 602 2607 'ameris
630 2544 688 2615 ipse
709 2560 813 2616 euporo.
856 2545 946 2614 Magis
971 2549 1066 2600 temen
1085 2545 1233 2600 Goerenzii

207 2630 341 2685 iudicium
360 2632 471 2686 adridet
488 2632 609 2702 eorporis
628 2637 692 2702 post
710 2649 805 2704 sapere
824 2633 983 2704 inserentis,
1005 2633 1060 2688 uisi
1074 2633 1149 2704 quod
1161 2634 1235 2688 mele
1319 2620 1323 2641 ²

208 2724 234 2774 et
253 2711 319 2773 ente
336 2719 499 2789 quaudoque
516 2720 606 2774 eiecit.

235 2813 340 2881 Erunt
360 2815 494 2883 fortasse
516 2817 629 2896 quibus
652 2818 834 2899 scrupulum
855 2824 1003 2885 moveant
1022 2820 1081 2886 loci
1096 2836 1232 2901 sequen-

134 2930 192 2992 tes.
245 2931 322 3007 Quia
351 2932 396 2990 uis
425 2933 488 2991 etus
516 2933 626 2992 iuoiota
660 2936 714 3004 est,
752 2934 968 3009 quaudoque
1000 2934 1111 2995 lassata
1139 2934 1235 3007 fuerit

135 3040 270 3114 operibus
300 3042 400 3111 editio,
426 3041 459 3099 iu
485 3042 581 3116 quom
607 3058 757 3101 recessura
779 3035 808 3101 d.
831 3036 855 3102 I.
877 3035 923 3102 IV
945 3038 973 3117 8,
999 3037 1026 3102 1.
1069 3033 1134 3101 Nos
1155 3054 1233 3103 vera

132 3151 242 3209 iuoo'eto
270 3146 303 3207 et
327 3166 480 3209 recessura
501 3132 685 3220 ἅσυνδέτως
704 3145 806 3225 posita
827 3163 897 3212 esse
918 3151 1103 3212 statuemus.
1143 3147 1235 3212 Alter

133 3249 219 3317 loeus
240 3255 290 3318 est
310 3250 352 3317 di.
376 3251 438 3315 VII
459 3254 509 3331 20,
531 3253 550 3316 5
573 3252 624 3316 ubi
646 3252 758 3319 seriem
779 3253 1035 3336 admonitionum,
1060 3272 1142 3337 quae
1156 3255 1231 3322 inde

135 3377 154 3425 a
176 3359 194 3442 ἓ
216 3362 237 3424 3
258 3360 348 3426 nulle
380 3358 568 3442 interpositu
599 3361 757 3443 particule
783 3380 853 3428 sese
878 3363 1049 3446 excipiunt,
1080 3363 1235 3430 claudunt

134 3469 231 3535 verba
252 3470 331 3535 haee
352 3477 568 3550 quaudoque
589 3479 641 3535 aut
661 3479 772 3536 matura
792 3479 932 3552 spiritum
950 3482 1059 3553 repetet
1079 3481 1132 3538 aut
1155 3480 1234 3538 ratio

136 3583 261 3643 dmuittet
278 3585 399 3643 testatus
414 3583 496 3643 euoo
518 3584 622 3643 bouum
640 3601 685 3644 me
706 3585 909 3644 oouseieutmm
921 3602 1042 3646 amasse.
1069 3579 1149 3657 ,Quo
1164 3581 1232 3646 loco

135 3688 163 3752 si
198 3687 279 3768 quis
300 3687 417 3754 iudicet
454 3691 648 3769 postremum
684 3689 860 3753 membrum
891 3689 1048 3771 particule
1078 3713 1133 3771 que
1158 3707 1231 3759 eum

134 3794 291 3878 prioribus
314 3795 469 3879 coniungi,
492 3812 551 3878 ego
573 3801 660 3862 certe
681 3813 744 3862 non
767 3795 992 3881 adstipulebor.
1214 3872 1218 3882 ,

234 3906 278 3972 ut
299 3905 339 3972 ab
362 3905 411 3972 bis
433 3909 465 3973 et
488 3904 527 3972 ab
549 3905 613 3973 illis
635 3905 722 3989 prius
743 3905 889 3972 indicatis
913 3904 1062 3993 exemplis
1083 3907 1233 3991 differunt

34 4074 37 4079 .
135 4016 198 4081 dua
218 4014 311 4082 haee:

234 4131 457 4208 discendumque
476 4129 551 4190 amu
569 4133 707 4191 iuteresse
727 4132 843 4207 quaudo
860 4133 1004 4206 patiaris,
1037 4133 1114 4221 quod
1134 4152 1228 4208 quau·

177 4237 270 4317 doque
286 4242 460 4315 qoato'eudum
481 4244 524 4300 est
545 4254 593 4316 ep.
620 4236 689 4317 101,
715 4237 762 4302 15.
