2746 4724
676 247 718 342 tt

152 454 259 535 autem
289 452 353 516 ests
369 448 544 530 meritoque
576 448 694 514 arinis
725 448 842 526 doctis»,
875 447 1071 532 Madvigium
1109 446 1180 514 diro
1210 450 1244 514 et

150 559 319 639 Handinm,
343 550 470 625 reicitur
492 568 597 643 otene,
615 539 704 641 quod
726 557 853 643 Seneca,
876 556 1061 624 siFickerto
1074 557 1242 635 credimus,

148 667 293 736 adhibuit
325 665 591 732 consentientibus
619 666 710 745 Bet
736 665 763 731 E
784 683 813 730 n.
833 683 863 748 q.
886 665 931 751 JV
952 668 984 747 2,
1006 668 1046 731 22
1072 689 1137 732 oon
1164 685 1243 730 rese·

149 782 246 842 derint
265 774 419 857 (etesiae),
442 783 470 840 et
489 780 611 857 paleare
629 780 800 854 enrqnteseit
812 780 962 855 nnnorqnc
976 781 1161 841 descendenti
1174 780 1244 840 nnete

14 900 17 905 ’
147 891 192 951 nis
212 889 284 951 Ntto
311 893 371 948 est
404 881 465 950 Sed
490 883 528 949 lis
556 888 605 949 est
632 882 672 949 de
692 883 798 949 codice
820 883 855 958 lt,
886 883 976 947 cuius
999 883 1032 948 in
1053 882 1172 950 Herelii
1190 901 1245 947 ex-

147 993 264 1078 cerptis
284 992 363 1059 haec
384 990 485 1057 fertur
506 992 663 1073 scriptura
685 1015 749 1056 enon
768 997 910 1057 resederet
924 999 1045 1074 ponens
1058 999 1240 1073 conpeteret.

151 1098 283 1183 Scripsit
304 1100 389 1166 haud
410 1100 503 1187 dubie
525 1099 643 1169 Seneca
656 1124 720 1166 eon
732 1107 903 1176 resederint,
924 1102 1045 1183 pennos
1058 1108 1246 1180 entquteseit.

148 1215 239 1289 Et-oe
260 1208 298 1272 ab
318 1207 429 1281 ¹eodem
452 1208 576 1274 Handio
597 1208 631 1273 ΙΙ
645 1227 675 1290 p.
688 1208 749 1273 529
765 1209 902 1275 sermoni
917 1208 1015 1275 latino
1029 1209 1242 1276 abiudicatur.

148 1317 227 1407 Nam
249 1318 329 1384 duos
351 1317 406 1399 qni
428 1316 455 1380 ei
476 1316 680 1382 innotuerant
700 1317 783 1382 locos
796 1317 860 1400 ipse
880 1317 1033 1400 repudiat,
1057 1316 1164 1394 Quint
1179 1317 1241 1382 XII

149 1426 196 1511 10,
223 1427 265 1492 64
286 1435 313 1490 et
341 1433 426 1504 cepte
445 1432 598 1492 cerborwm
619 1435 706 1505 otone
724 1431 834 1505 inpete,
857 1426 910 1492 ubi
932 1435 959 1491 et
980 1424 1146 1492 delendum
1166 1445 1237 1492 cen·

145 1540 203 1616 set,
226 1540 258 1600 et
279 1540 364 1600 recte
387 1535 512 1614 quidem
534 1552 605 1600 cum
627 1554 663 1599 en
685 1534 790 1614 priore
806 1535 957 1619 versiculo
973 1535 1057 1602 male
1071 1538 1242 1617 repetitum

11 1684 16 1711 t
146 1643 198 1710 sit.
240 1643 320 1709 Turn
353 1660 435 1723 quae
464 1643 547 1729 apud
573 1643 756 1710 Diomedem
783 1644 905 1726 legerat
927 1643 1023 1710 verba
1054 1654 1082 1710 et
1110 1650 1243 1725 dtpnitoc

145 1762 386 1839 aequepotentes,
409 1752 454 1817 ita
475 1770 576 1832 nuper
597 1751 693 1818 edidit
713 1749 834 1817 Keilius
855 1770 886 1833 p.
904 1753 975 1833 467,
998 1754 1039 1817 32
1061 1762 1088 1818 et
1111 1758 1243 1835 dandos

146 1870 174 1926 et
203 1869 333 1941 potestas
365 1861 454 1925 nulla
484 1861 638 1939 adnotata
668 1860 879 1940 discrepantia
910 1861 1073 1926 librorum.
1119 1861 1243 1928 Adiecit

145 1968 193 2034 his
222 1969 374 2051 exemplis
394 1969 573 2052 Draegerus
600 1988 630 2050 p.
653 1970 692 2033 77
720 1975 757 2034 ut
778 1968 960 2035 detenderet
980 1979 1056 2036 ot-oe
1077 1972 1242 2052 complura

145 2077 217 2144 alia.
262 2077 323 2144 Sed
350 2079 435 2159 apud
459 2077 525 2144 (tie.
548 2079 577 2144 d.
600 2077 629 2144 d.
653 2078 720 2142 ml
750 2079 797 2155 19,
820 2079 861 2143 50
891 2102 1004 2144 annone
1031 2102 1098 2145 oero
1129 2087 1175 2144 ets
1195 2085 1242 2144 in·

143 2193 270 2264 ancoras
302 2195 329 2253 et
362 2210 469 2269 maeno
500 2184 536 2252 eo
567 2193 699 2267 detinenti
730 2194 968 2266 contemplatione
996 2194 1173 2268 ettennsnne
1198 2197 1243 2253 est

145 2295 228 2360 male
260 2295 342 2377 cepit
372 2317 501 2371 comme,
530 2313 612 2376 qnae
636 2313 694 2358 vox
713 2312 774 2358 non
797 2293 958 2361 adtributa
982 2293 1036 2362 sed
1057 2295 1243 2378 praedicata

144 2404 326 2486 accipienda
356 2408 413 2468 est
466 2404 574 2468 Altero
607 2403 674 2469 loco
709 2402 899 2469 Suetoniano
931 2404 963 2468 in
996 2423 1022 2468 v.
1058 2403 1168 2470 Claud.
1200 2405 1241 2469 21

146 2511 285 2607 retroque?
306 2522 334 2578 et
368 2518 458 2588 tenne
491 2535 525 2577 oo
553 2519 651 2593 ttpneo
672 2512 754 2576 unde
776 2515 880 2576 ortum
903 2512 945 2578 sit
967 2513 1047 2578 etin
1070 2514 1241 2594 propatulo

145 2627 205 2689 est.
247 2622 341 2703 Apud
362 2621 504 2688 Tacitum
535 2618 609 2714 dial.
636 2620 675 2685 14
696 2621 767 2702 post
789 2638 896 2686 vocem
918 2626 1074 2698 mfencset
1094 2621 1241 2688 lacunam

145 2729 345 2796 statuendam
366 2746 434 2796 esse
455 2710 540 2794 recte
558 2747 658 2809 nuper
672 2726 884 2794 Buechelerus
901 2728 931 2792 in
948 2718 1116 2795 seminario
1131 2735 1241 2797 nostro

144 2818 302 2922 philologo
328 2839 459 2905 censuit.
504 2837 646 2918 Denique
671 2837 756 2919 apud
777 2837 979 2905 Lactantium
1000 2838 1027 2903 V
1045 2839 1079 2917 ⁴9,
1100 2839 1141 2903 22
1162 2846 1243 2909 oide-

42 2938 44 2945 '
144 2957 196 3014 ont
227 2958 255 3014 ct
287 2971 318 3014 se
350 2971 386 3013 oe
417 2969 485 3014 snos
516 2969 550 3012 ea
580 2969 654 3026 qnae
686 2952 814 3012 dininas
845 2969 946 3030 perere
975 2964 1011 3012 ex
1033 2931 1242 3016 antecedente

143 3036 253 3124 littera
281 3067 309 3123 et
335 3042 444 3123 natum
478 3073 546 3122 esse
575 3055 641 3137 ipse
668 3055 849 3136 Drangerus
871 3056 1051 3137 suspicatus
1075 3061 1133 3122 est.
1178 3056 1242 3124 Sed

145 3166 307 3234 rideamus
336 3166 376 3232 de
398 3167 466 3230 loco
488 3164 658 3230 Annaeano
681 3163 712 3228 d.
726 3165 755 3229 b.
771 3164 819 3229 ΙΙΙ
843 3164 890 3244 15,
915 3167 971 3230 30
993 3172 1242 3246 torpentnmono'

143 3283 259 3359 ceneris
280 3284 308 3341 et
328 3281 449 3353 frondis
471 3297 506 3339 oe
525 3281 671 3354 neqntta'oe
691 3280 827 3354 publicae
840 3280 1054 3352 cenfessionem.
1099 3271 1181 3358 Nam
1197 3274 1241 3341 sie

147 3402 219 3458 cnm
239 3384 272 3448 in
294 3383 451 3466 plerisque
461 3382 617 3449 codicibus
630 3387 699 3448 tum
711 3381 904 3449 ianertur.
927 3380 1075 3449 Reddidit
1086 3381 1167 3448 hanc
1178 3383 1243 3449 lec·

145 3492 263 3559 tionem
282 3478 462 3571 Fickertus,
488 3490 671 3557 dubitanter
691 3495 798 3556 tamen
820 3500 848 3556 et
868 3507 924 3573 pro
946 3514 982 3556 ee
1003 3490 1096 3559 scribi
1117 3478 1240 3558 maluit.

145 3600 282 3667 Haasius
315 3606 424 3667 antem
454 3606 486 3667 et
514 3600 699 3667 norissimus
730 3600 834 3666 editor
864 3599 1009 3667 Gertnius
1037 3598 1184 3665 delerunt
1206 3609 1243 3666 et.
1338 3661 1342 3672 ,

145 3711 255 3776 Dicam
284 3709 359 3791 quid
386 3709 453 3790 ipse
481 3709 624 3775 indicem.
667 3715 710 3774 Et
732 3713 764 3775 et
784 3733 819 3776 oe
840 3709 867 3775 si
892 3725 950 3792 pro
972 3717 1041 3774 etet
1061 3708 1164 3789 posita
1183 3727 1240 3791 pu·

143 3824 239 3900 tures,
254 3837 295 3886 ne
305 3817 364 3885 hoc
375 3817 502 3898 quidem
513 3817 762 3899 intellegeretur,
778 3835 833 3884 cnr
844 3818 890 3884 ita
901 3819 1034 3898 scriptor
1044 3816 1141 3885 verba
1151 3822 1240 3894 frons

144 3914 177 3996 et
190 3914 323 4009 nonnette
336 3925 845 3994 idemierevalentia'distinxerit.
877 3924 988 3994 Deleto
1002 3928 1239 4019 autemetdup

144 4026 194 4104 lici
215 4038 309 4104 modo
330 4037 448 4103 secerni
468 4038 600 4120 possunt
613 4035 719 4121 rerba,
739 4043 860 4115 frondes
882 4036 964 4101 enim
979 4040 1036 4102 aut
1049 4035 1238 4102 trahendum

144 4153 195 4217 est
223 4148 263 4213 ad
287 4132 554 4227 temporeneas,
583 4147 666 4229 quod
688 4146 829 4230 improbo
848 4151 978 4230 propter
999 4143 1237 4214 similitudinem

145 4246 354 4340 epithetornm
376 4263 497 4324 bemont
515 4263 631 4340 poneris
644 4262 678 4322 et
689 4252 834 4337 peronae,
855 4248 1027 4323 aut'artins
1044 4253 1235 4338 coniungen-
