2746 4724
711 263 740 348 ἶ3

720 583 745 650 Ι.

281 712 399 780 Notum
427 719 478 781 est
510 739 545 781 ac
578 731 640 780 non
672 715 746 796 poni
779 720 853 781 ante
885 717 1009 813 litteras
1030 717 1157 784 vocales
1186 721 1219 783 et
1246 720 1275 780 b.

182 823 240 888 oui
271 824 333 905 legi
368 828 405 889 ut
428 822 580 890 Senecam
612 840 737 905 quoque
769 841 803 890 se
825 825 1000 906 adplicasse
1022 825 1178 906 dicamus,
1212 826 1275 891 duo

181 932 356 1015 corrigendi
377 931 466 999 nobis
486 936 560 999 sunt
578 933 647 999 loci.
689 931 818 1002 Litteris
837 941 945 1002 autem
960 936 1202 1003 consonantibus
1214 953 1275 1000 non

133 1096 148 1133 a
181 1040 282 1124 aeque
304 1039 420 1106 >favere
450 1043 640 1123 particulam
670 1062 710 1109 ex
731 1044 789 1110 bac
810 1044 936 1122 tabula,
966 1045 1001 1110 in
1023 1062 1087 1125 qua
1107 1063 1145 1109 ea
1168 1045 1276 1110 littera

177 1150 231 1218 cui
253 1150 440 1232 saepissime
460 1168 529 1218 sese
552 1150 697 1234 adiungit
718 1176 761 1231 uc,
786 1153 923 1234 primum
938 1153 1041 1219 locum
1057 1157 1155 1236 tenet,
1177 1153 1275 1218 mani-

179 1256 296 1326 festum
329 1259 407 1326 erit:
439 1283 495 1340 ap
517 1259 963 1343 d'mlrfrtubc'qc.
1006 1260 1123 1345 Negari
1150 1261 1275 1344 quidem

182 1363 251 1433 non
272 1374 378 1450 potest
397 1369 518 1435 variam
550 1371 632 1437 hanc
662 1370 876 1452 exemplorum
908 1371 1118 1453 frequentiam
1139 1369 1275 1452 pendere

183 1477 412 1558 quodammodo
441 1496 480 1544 cx
513 1479 633 1546 maiore
653 1480 703 1545 vel
723 1480 841 1546 minore
863 1496 971 1545 eornm
994 1479 1084 1565 copia
1106 1478 1274 1545 verborum

184 1602 265 1665 quae
296 1607 320 1653 a
347 1588 477 1671 singulis
508 1588 625 1655 litteris
655 1588 813 1672 incipiant.
857 1587 899 1655 At
925 1589 1009 1671 quod
1031 1587 1183 1670 conligati
1205 1605 1274 1653 sese

182 1712 253 1760 cum
285 1694 400 1764 litteris
431 1696 647 1779 gutturalibus
679 1702 801 1780 qetp
832 1715 927 1779 aegre
957 1698 1079 1779 patitur
1091 1695 1114 1780 ¹)
1137 1705 1173 1744 -'—
1199 1714 1272 1761 nam

181 1804 278 1870 semel
299 1808 424 1871 tantum
447 1811 521 1873 ante
542 1831 570 1887 q,
604 1824 761 1889 nusquam
784 1810 859 1872 ante
879 1832 900 1889 p
918 1806 1036 1889 legitur
1060 1841 1095 1852 -
1120 1822 1183 1870 non
1204 1805 1274 1871 sola

179 1912 291 1979 talium
315 1915 483 1981 verborum
518 1916 651 1982 raritate
678 1915 869 2000 explicatum
902 1922 969 1982 turn
992 1922 1067 1981 ante
1088 1938 1103 1980 o
1123 1914 1274 1995 litteram,

180 2040 244 2104 qua
275 2021 341 2090 lere
373 2024 462 2090 nulla
491 2026 555 2091 alia
572 2027 700 2109 saepius
725 2025 764 2091 ab
787 2026 876 2104 initio
902 2024 1069 2091 verborum
1091 2024 1193 2105 posita
1214 2025 1273 2101 est,

181 2151 244 2198 uno
266 2141 396 2216 excepto
417 2132 485 2199 loco
507 2152 569 2199 non
591 2135 757 2201 invenitur.
801 2133 923 2217 Quippe
945 2133 1089 2200 molestia
1109 2137 1142 2198 et
1157 2132 1273 2197 duritia

180 2244 249 2309 soni
272 2243 420 2324 prohibiti
443 2244 577 2310 Romani
597 2244 753 2324 videntur,
776 2245 944 2326 quominus
965 2243 1024 2309 bas
1046 2244 1171 2308 litteras
1193 2259 1274 2308 com·

180 2353 352 2417 mitterent.
395 2353 512 2420 Contra
531 2373 592 2420 uno
613 2357 754 2422 alterove
779 2354 923 2437 exemplo
946 2371 1118 2432 movemur,
1144 2357 1180 2416 ut
1199 2349 1274 2417 faci·

181 2460 273 2527 litate
292 2463 427 2545 quadam
450 2471 598 2547 putemus
620 2470 652 2530 et
673 2465 831 2530 suavitate
852 2464 935 2528 hanc
955 2462 1005 2527 vel
1025 2463 1112 2527 illam
1130 2462 1270 2527 litteram

182 2569 334 2652 praeferri
359 2592 379 2638 a
407 2573 619 2655 scriptoribus.
662 2572 742 2640 Hinc
766 2575 847 2638 ante
870 2596 886 2638 s
908 2577 940 2637 et
961 2577 1031 2637 det
1051 2571 1152 2653 magis
1175 2570 1271 2634 etiam

120 2716 123 2720 ι
182 2686 256 2748 aute
275 2688 286 2748 l
307 2680 456 2750 Senecam
491 2707 525 2749 ac
557 2685 701 2766 posuisse
732 2683 882 2765 suspicor.
918 2681 1005 2745 'Hinc
1027 2681 1123 2746 etiam
1138 2685 1271 2744 'causam

180 2795 304 2874 repeto,
332 2811 389 2858 cur
411 2791 538 2860 Curtius
560 2793 684 2876 saepius
701 2810 796 2875 quam
820 2796 893 2858 ante
910 2795 1031 2856 ceteras
1053 2788 1177 2854 litteras
1200 2788 1274 2853 ante
1308 2858 1313 2868 ,

179 2924 200 2964 a
220 2899 400 2967 adbibuerit
420 2924 462 2966 aa
506 2901 610 2983 Atque
631 2918 762 2982 perrara
778 2900 867 2965 initio
879 2899 1046 2965 verborum
1062 2895 1140 2963 baec
1153 2896 1272 2962 littera.

177 3007 304 3076 Obicies
337 3009 419 3076 inter
439 3011 480 3075 26
507 3010 564 3075 bos
583 3010 668 3076 locos
687 3014 739 3074 ter
760 3013 834 3075 ante
859 3000 1106 3074 coniunctionem
1126 3028 1178 3083 ue,
1210 3009 1274 3070 ter·

180 3116 281 3185 becles
303 3102 377 3184 ante
396 3125 563 3200 nequidem
584 3119 719 3200 positum
742 3136 812 3186 esse
832 3142 876 3196 ac,
897 3136 959 3184 non
982 3120 1111 3197 propter
1125 3118 1272 3179 naturam

180 3225 293 3292 burum
324 3227 505 3293 litterarum
537 3209 736 3293 familiariter
766 3224 850 3292 inter
882 3243 916 3292 sc
947 3223 1196 3290 convenientium
1217 3221 1272 3286 sed

180 3350 241 3414 quo
284 3332 510 3416 significantius
549 3359 585 3400 uc
619 3335 775 3416 particula
809 3352 892 3400 noua
925 3351 976 3398 res
1012 3328 1273 3411 praecedentibus

179 3441 399 3524 subiungatur.
443 3439 594 3509 Attamen
616 3442 700 3509 valet
720 3438 803 3526 qnod
824 3441 865 3507 ad
878 3439 1034 3510 Ciceronis
1055 3438 1088 3502 in
1101 3438 1272 3504 Caecilium

178 3547 401 3614 divinationem
424 3549 474 3629 20,
497 3549 537 3613 67
552 3547 734 3614 observavit
747 3546 921 3630 Zumptius‚
945 3571 979 3614 aa
993 3565 1185 3631 propensum
1201 3563 1272 3612 esse

180 3655 222 3722 ad
244 3655 390 3738 liquidas.

266 3764 420 3847 ¹Denique
447 3774 535 3846 etque
554 3761 657 3831 sorma
678 3764 813 3849 amplior
833 3765 922 3831 cuius
942 3765 1043 3830 multo
1065 3762 1201 3830 crebrior
1223 3768 1272 3830 est

178 3892 255 3941 usus
285 3878 359 3942 ante
381 3874 506 3941 vocales
528 3890 624 3954 quam
646 3877 869 3954 consonantes,
899 3890 999 3955 aeque
1019 3871 1102 3957 fugit
1124 3875 1269 3956 guttura·

177 3982 255 4049 lium
284 4002 469 4051 concursum
499 4000 556 4049 nec
579 3999 729 4063 umquam
751 3985 826 4048 ante
847 4007 868 4064 ρ
890 3989 923 4048 et
943 4007 976 4064 q,
1006 4001 1136 4065 perraro
1159 3987 1272 4047 antec

178 4093 306 4176 legitur.

282 4285 302 4352 ¹)
320 4282 356 4338 cl.
374 4281 412 4337 M.
431 4281 546 4351 Hauptii
566 4297 660 4350 opusc.
680 4238 700 4334 l.
723 4281 773 4333 107
796 4296 857 4350 sqq.
