2746 4724
664 251 705 317 10

138 459 360 539 credamusque,
401 450 502 516 Multo
525 451 625 517 maior
646 454 695 516 est
716 451 808 532 copia
820 450 1047 532 exemplorum,
1068 450 1228 534 inquibus

136 558 331 625 adfinitatem
353 563 451 643 atquo
471 558 567 626 etiarn
582 576 767 626 consensum
779 557 947 626 verborum
962 559 1131 627 observare
1143 561 1225 628 licet.

136 669 270 735 Rariora
293 668 419 750 quidem
440 669 519 735 talia
541 674 650 748 emnt,
681 669 790 751 paucis
811 668 953 751 exeeptis
971 686 1057 752 ‚quae
1078 675 1115 734 ut
1135 677 1228 736 eeteros

110 785 289 858 'celeresque
320 779 353 843 in
387 778 645 845 consuetudinem
668 778 829 858 abierunt,
863 778 949 860 apud
969 779 1154 860 scriptorem
1173 779 1227 861 qui

136 891 297 954 contracto
318 892 351 954 et
372 886 522 955 adstricto
546 888 668 954 dicendi
683 904 799 970 genere
816 892 935 968 utatur,
958 885 1175 971 frequentiora
1189 905 1228 954 ea

134 1014 206 1062 esre
227 997 312 1079 apud
324 996 474 1064 Senecam
497 996 577 1063 nihil
597 995 775 1063 mirandum
794 1000 853 1081 est,
874 999 987 1079 utpote
1001 997 1051 1065 cui
1063 1001 1226 1079 tamquam

136 1122 175 1170 ex
196 1105 288 1187 pleno
310 1109 407 1188 atque
427 1107 556 1186 perenni
576 1105 663 1172 fonte
682 1123 782 1172 novae
802 1110 928 1188 semper
941 1105 1109 1172 verborum
1123 1105 1228 1171 undae

136 1211 287 1280 adfluent.
330 1214 471 1281 Tertium
503 1231 603 1298 genus
624 1216 809 1281 conminus
830 1212 992 1296 frequens,
1026 1215 1110 1295 quod
1131 1230 1227 1296 oppo-

135 1323 249 1389 sitione
283 1323 421 1404 quadam
442 1322 608 1389 verborum
630 1324 814 1405 insignitur,
847 1325 889 1390 ad
911 1325 1142 1390 inlustrandam
1162 1323 1243 1389 rim·

134 1433 310 1514 particulae
335 1455 391 1513 poe
412 1433 550 1499 omnium
573 1434 712 1499 maxime
733 1437 844 1516 aptum
869 1439 928 1500 est.
972 1434 1121 1500 Intimem
1145 1433 1228 1498 enim

136 1539 397 1608 consociationem
429 1559 488 1623 per
520 1559 590 1608 eam
621 1541 687 1608 fiori
710 1540 782 1609 inde
803 1543 1010 1626 intellegitur,
1043 1542 1126 1625 quod
1147 1549 1175 1607 et
1196 1543 1230 1607 et

136 1660 236 1731 etque,
263 1666 397 1732 quorum
431 1652 547 1733 alioqui
580 1653 754 1719 communis
788 1669 883 1736 saepe
904 1668 974 1718 cum
996 1675 1052 1732 ρετ
1071 1665 1148 1718 usus
1169 1655 1229 1731 est,

136 1758 177 1826 ab
206 1759 265 1825 hoc
293 1777 410 1842 genere
431 1761 533 1842 magis
555 1760 734 1827 abhorrent.
777 1761 950 1828 Discrimen
972 1768 1078 1828 tamen
1100 1758 1228 1843 aliquod

136 1866 399 1936 animadvertitur
431 1869 513 1935 inter
545 1887 599 1936 eos
628 1868 726 1949 locor,
759 1868 812 1935 ubi
843 1887 899 1952 per
929 1893 984 1950 que
1014 1869 1155 1936 diverses
1176 1883 1229 1934 res

136 1980 206 2044 arte
237 1978 372 2079 scriptor
394 1979 529 2062 copulet.
571 1979 664 2045 Ratio
686 1979 768 2044 enim
790 1997 896 2046 rerum
917 1979 999 2045 inter
1016 1997 1052 2046 se
1072 1959 1228 2061 opposita·

137 2103 208 2152 rum
241 2087 315 2180 talis
348 2104 416 2155 esse
445 2092 565 2170 potest,
598 2093 636 2155 ut
663 2092 720 2154 aut
746 2087 916 2154 excludant
935 2088 1068 2154 invicem
1087 2092 1145 2153 aut
1166 2101 1229 2152 non

62 2261 69 2272 ,
136 2195 307 2263 excludant
327 2215 397 2263 cum
420 2197 502 2263 modi
525 2198 633 2280 potius
655 2196 794 2282 finesque
815 2197 1133 2281 designentur,·intra
1148 2213 1229 2279 quos

136 2323 187 2371 res
219 2322 283 2371 una
317 2310 413 2389 atque
436 2307 554 2373 eadem
575 2313 728 2376 versetur.
770 2307 821 2374 Sic
841 2318 910 2374 eamr
929 2314 1108 2388 redemitque
1127 2313 1229 2372 sidera

136 2413 180 2493 (d.
205 2415 233 2481 b.
255 2412 308 2480 v1.
332 2413 410 2499 22),
448 2416 523 2496 quia
557 2434 598 2482 ex
618 2417 679 2483 ‹his
710 2417 832 2487 duobus
853 2414 990 2484 motibus
1011 2418 1081 2482 tota
1102 2414 1227 2481 meandi

77 2545 79 2550 ⁸
134 2522 217 2590 ratio
233 2525 438 2607 componitur,
462 2525 506 2592 sic
523 2527 567 2592 eis
583 2535 847 2610 quaeeoate'npeet
859 2525 1121 2609 meantemep.
1133 2526 1182 2605 66,
1194 2523 1229 2606 6)

136 2631 381 2715 comprobantur
416 2631 560 2700 diversae
594 2633 740 2700 fortunae
763 2635 861 2714 vicos,
900 2651 1035 2718 quarum
1066 2634 1229 2701 notionum

134 2741 167 2806 iu
188 2759 287 2807 unum
307 2741 530 2809 coufluentium
551 2748 626 2825 apte
642 2761 699 2827 per
713 2767 768 2824 que
783 2742 852 2810 fieri
865 2742 1116 2825 complexionem
1130 2743 1229 2809 mani·

134 2849 251 2918 festum
273 2854 329 2916 est.
373 2851 457 2916 Bene
478 2869 553 2932 ergo
574 2858 806 2934 componuntur
826 2854 872 2918 ite
887 2853 983 2920 etiam
998 2853 1124 2918 diversa
1138 2851 1227 2918 verbi

135 2965 290 3040 tempora,
311 2958 425 3042 quibus
448 2977 515 3025 rem
537 2960 677 3042 aliquam
698 2977 755 3041 per
766 2961 915 3044 longioris
927 2960 1078 3044 temporis
1089 2963 1228 3043 patium

135 3067 260 3134 extendi
282 3068 449 3135 indicatur.
493 3068 645 3135 Attamen
665 3086 727 3136 uon
751 3071 868 3151 ubique
888 3086 1040 3153 agnosces
1054 3069 1151 3136 talem
1164 3069 1229 3136 sive

135 3181 315 3261 temporum
347 3178 412 3244 sive
444 3177 610 3244 verborum
643 3180 879 3260 diversitatem,
906 3195 990 3260 quae
1021 3176 1228 3244 inunitatem

134 3287 252 3353 iterum
286 3291 386 3353 coeat.
441 3286 522 3365 Quid
559 3288 641 3368 quod
674 3287 703 3355 d.
726 3289 756 3355 b.
779 3289 887 3370 19,2
920 3289 998 3370 legis
1030 3294 1128 3354 coleret
1152 3294 1230 3352 mea

136 3401 374 3475 detestareturque
403 3400 529 3474 felicem,
562 3402 620 3463 aut
645 3397 741 3480 paulo
762 3400 835 3479 post
857 3399 912 3481 10,
934 3399 1085 3476 aperiant
1107 3402 1230 3461 invicem

133 3508 344 3585 sapienterque.
386 3503 519 3571 flustra
551 3504 602 3570 hic
635 3505 764 3571 tertium
783 3522 933 3588 quaeres,
967 3505 1051 3586 quod
1072 3505 1104 3570 in
1123 3521 1158 3569 se
1178 3521 1230 3569 τε-

135 3611 232 3695 cipiat
256 3617 289 3677 et
309 3613 341 3677 in
363 3631 459 3679 unum
480 3615 613 3681 misceat
634 3613 697 3679 duo
717 3614 775 3679 illa
794 3612 899 3681 verba.
942 3615 991 3679 Ea
1014 3630 1089 3696 ergo
1110 3612 1229 3680 talibus

135 3720 210 3788 locis
244 3728 292 3787 est
312 3722 358 3788 vis
380 3724 463 3788 vocis
494 3747 564 3804 que,
595 3729 632 3790 ut
652 3725 839 3790 intentiores
860 3741 917 3791 nos
937 3723 1036 3789 faciat
1056 3724 1088 3789 iu
1110 3723 1229 3789 desen·

136 3830 256 3897 sionem
278 3850 395 3912 rerum,
425 3850 507 3913 quae
528 3839 585 3899 aut
606 3834 715 3900 eodem
738 3839 881 3915 tempore
902 3836 960 3900 aut
980 3851 1053 3899 cunr
1072 3831 1193 3900 vicissit
1216 3865 1228 3879 ·

136 3939 209 4007 dine
243 3941 380 4021 quadarn
408 3940 497 4008 fiunt.
539 3942 600 4010 Sed
632 3948 706 4009 utut
726 3947 776 4011 est
797 3944 880 4010 ratio
902 3942 1069 4010 verborum
1088 3942 1136 4009 ita
1156 3959 1228 4008 con·

135 4049 329 4131 iunctorum,
362 4050 393 4116 id
415 4056 540 4120 constat
565 4056 728 4137 proprium
748 4059 781 4120 et
800 4052 959 4135 pecudem
978 4053 1039 4119 hoc
1061 4052 1228 4136 copulandi

136 4175 251 4224 munus
273 4176 343 4225 esse
364 4159 541 4239 particulae
561 4184 624 4240 ρει-ε.

243 4272 349 4350 Amce,
371 4268 455 4351 quod
477 4268 620 4337 abundat
639 4271 672 4336 in
690 4271 913 4356 componendis
933 4270 1036 4340 verbis
1052 4271 1156 4340 varias
1176 4289 1228 4341 res
