2746 4724
686 279 726 343 37

254 478 363 541 contra
385 483 456 541 hooc
478 488 512 542 ei
532 487 673 544 eiusmodi
695 498 744 560 ep.
767 482 797 560 4,
810 481 839 544 9.
862 497 910 560 ep.
926 462 976 557 54',
992 482 1021 545 6.
1043 498 1090 562 ep.
1109 482 1178 555 114,
1195 484 1245 546 20.

155 589 225 648 oues
246 594 272 648 o
291 590 458 649 sasamon
478 605 525 668 ep.
551 587 620 666 120,
643 590 671 652 a

194 679 197 685 ’
250 697 296 759 Aa
316 717 347 759 u
369 694 485 775 legitur
514 714 562 776 ep.
595 698 644 775 21,
668 699 697 762 5.
720 716 768 778 ep.
792 699 842 776 oa,
865 699 914 762 so.
940 715 969 761 n.
991 713 1020 776 q.
1042 697 1069 763 v
1094 699 1142 771 13,
1164 700 1193 763 a
1216 717 1245 762 n.

151 803 246 895 (1.111
270 804 348 880 1,5,
379 829 526 870 ucseoum
547 825 576 872 n.
600 824 630 887 q.
654 807 697 872 VI
720 808 748 887 7,
770 810 800 872 4.

249 917 573 993 successeras.
607 935 656 997 ep.
685 918 735 995 98,
762 917 793 981 8.
824 916 854 980 d.
882 917 912 981 b.
937 916 968 980 ΙΙ
994 917 1041 995 14,
1064 919 1093 980 2.
1126 934 1157 980 n.
1179 917 1246 996 q.I

153 1022 559 1105 &anamma

249 1133 569 1215 wmfflwffl

250 1244 531 1323 ooteep.13,.6.

248 1373 284 1416 oo
305 1357 359 1416 tibi
400 1370 428 1417 n.
452 1369 482 1432 q.
508 1351 556 1416 111
577 1371 624 1434 pr.
649 1355 697 1418 17.

248 1469 289 1524 iot
309 1484 346 1526 oo
365 1468 435 1526 tulis
456 1461 520 1527 lud.
546 1463 593 1541 10,
616 1465 645 1526 3.
669 1481 716 1544 ep.
744 1463 813 1540 108,
829 1464 879 1542 38,
902 1463 955 1545 qui
981 1463 1139 1545 posterior
1159 1462 1247 1528 locus

53 1588 55 1593 ’
150 1569 261 1634 mendo
283 1570 420 1636 nondum
446 1570 571 1637 videtur
592 1577 749 1653 purgatus
771 1590 849 1639 esse.
901 1571 982 1638 Sunt
997 1559 1248 1652 ‘quidam'verba

151 1683 188 1743 ut
214 1680 365 1760 leguntur
386 1681 416 1743 in
440 1680 546 1746 codice
568 1681 697 1746 Bhaec:
721 1689 799 1747 dieii
824 1688 878 1746 ilio
898 1688 1014 1758 Platon,
1043 1688 1118 1746 diod
1138 1687 1247 1756 Ζειιοιι,

151 1794 228 1853 dicit
251 1793 437 1868 Chrysippus
458 1800 486 1855 et
505 1797 682 1856 Posidonius
711 1802 738 1857 ei
758 1799 861 1872 inperce
881 1813 984 1871 nomeu
1004 1815 1064 1856 uou
1084 1801 1124 1857 tot
1146 1814 1182 1855 aa
1202 1800 1247 1855 to·

152 1904 232 1962 lium.
255 1904 395 1977 qaromodo
414 1906 544 1978 proboso
559 1909 675 1979 possint
695 1925 750 1966 suu
768 1908 1021 1978 essomoudrubo:
1041 1906 1156 1978 fuciunt
1176 1921 1249 1979 quac

151 2011 291 2087 dicerint,
323 2023 405 2086 quae
439 2014 475 2072 ut
507 2027 586 2073 sana
618 2008 795 2076 efficeretur
826 2010 982 2075 sententia
1015 2009 1061 2074 ita
1092 2010 1246 2074 mutanda

150 2114 240 2179 duxit
261 2115 400 2182 Haasius
422 2124 499 2184 diaii
515 2155 551 2164 -
568 2126 757 2185 Posidonius:
790 2129 821 2184 oi
841 2127 943 2199 iupcus
962 2142 1066 2200 nomeu
1094 2118 1176 2200 [uon]
1205 2127 1247 2183 toi

114 2294 124 2303 ,
149 2246 185 2289 oo
206 2231 309 2290 toltum
332 2243 399 2306 sqq.
442 2224 509 2293 Neo
530 2233 636 2294 tamen
658 2236 733 2309 apta
748 2227 890 2294 hominos
912 2228 956 2293 illi
980 2226 1121 2293 animosa
1142 2228 1247 2310 philo·

149 2332 319 2413 sophorum
341 2335 425 2401 dicta
447 2336 600 2402 iactantes
632 2337 789 2419 simulque
812 2338 969 2404 sordidam
997 2337 1095 2403 vitam
1117 2339 1246 2420 agentes

49 2518 53 2525 ἢ
151 2453 190 2508 tot
212 2467 251 2509 oo
273 2452 364 2510 tales
387 2450 547 2525 vocantur,
571 2464 653 2527 quae
675 2447 771 2512 verba
796 2447 837 2512 ad
864 2446 990 2512 laudem
1011 2465 1136 2529 semper
1159 2464 1246 2530 spec·

152 2557 227 2617 tant.
271 2551 449 2635 Madvigius
471 2560 577 2620 autem
600 2556 697 2621 verba
718 2567 746 2620 et
772 2563 875 2636 iopeos
901 2578 1004 2636 nomeu
1030 2565 1071 2619 toi
1093 2555 1158 2620 sive
1188 2578 1247 2619 oua

149 2670 189 2725 ror
210 2686 246 2728 oo
267 2669 371 2726 talium
392 2680 542 2742 perversa
557 2681 625 2729 esse
646 2671 746 2747 ratus,
769 2665 844 2745 quia
858 2667 1012 2744 quattuor
1026 2661 1168 2728 homines
1182 2681 1246 2728 non

149 2775 236 2836 recte
257 2789 371 2854 agmen
394 2772 549 2849 dicantur,
570 2774 614 2839 sic
636 2775 761 2854 scripsit
783 2783 810 2839 er
827 2783 930 2854 torpeus
944 2796 1049 2854 opaea
1071 2796 1130 2836 ooo
1155 2781 1247 2838 torua

149 2884 251 2943 talium
264 2881 442 2960 (sedetiam
454 2882 583 2947 minoris
594 2883 810 2962 praestantiae
816 2890 849 2947 et
860 2882 1058 2947 auctoritatis
1069 2880 1247 2963 hominurn)

148 2984 270 3052 futilem
291 2989 323 3051 ni
344 2986 437 3052 fallor
457 2993 490 3054 et
513 2988 655 3053 inutilem
679 2988 738 3054 hoc
759 2988 884 3070 quidem
903 2989 972 3054 loco
987 2987 1245 3070 philosophorum

149 3096 382 3176 discriptionem
403 3098 580 3163 instituens.
636 3096 752 3162 Contra
775 3103 928 3177 quattuor
948 3097 1127 3162 nominibus
1152 3097 1247 3164 editis

148 3211 324 3270 ceterorum
346 3209 483 3271 virorum
506 3225 567 3272 non
585 3207 687 3271 minus
709 3207 860 3272 nobilium
882 3225 1048 3272 numerum
1068 3206 1129 3271 illis
1143 3205 1245 3272 verbis

148 3316 263 3380 adiecit
285 3314 410 3395 Seneca,
431 3334 514 3396 quae
542 3320 628 3382 recte
650 3334 719 3383 sese
748 3316 917 3392 habebunt,
949 3316 975 3381 si
996 3333 1053 3398 pro
1074 3339 1133 3381 ooo
1155 3314 1245 3378 resti-

150 3424 248 3490 tueris
270 3432 429 3500 uminum,
452 3426 536 3504 quod
551 3444 608 3504 per
630 3424 813 3506 compendia
836 3426 988 3506 scriptum
1004 3424 1155 3505 originem
1178 3422 1246 3488 voci

149 3556 208 3613 ooo
229 3532 352 3598 dedisse
374 3533 509 3598 videtur.

248 3647 292 3707 Ao
325 3647 490 3723 praeterea
520 3643 604 3708 haud
627 3663 699 3708 raro
731 3643 892 3709 aSeneca
924 3641 1099 3709 adhibitum
1132 3647 1181 3707 est
1203 3640 1244 3706 ad

148 3752 395 3834 componendum
419 3770 506 3831 pron.
520 3770 604 3833 poss.
621 3753 718 3819 subst.
741 3753 966 3829 cumeiusdem
982 3768 1134 3831 personae
1156 3769 1244 3832 pron.

148 3879 229 3942 poss,
253 3862 374 3943 adieci,
398 3879 462 3940 qua
482 3861 549 3925 vice
566 3861 647 3926 alias
670 3862 757 3941 iungi
780 3863 862 3927 solet
883 3885 937 3941 ouo
970 3859 1022 3936 (ci.
1049 3860 1246 3942 Draegerunr

148 3988 177 4050 p.
200 3972 263 4050 36).
307 3971 368 4036 Sed
389 3977 427 4034 ut
448 3972 576 4051 plenum
597 3971 715 4036 habeas
731 3971 869 4036 locorum
891 3977 1104 4056 conspectum,
1127 3969 1247 4051 legitur

148 4090 305 4145 seetsuo
329 4100 359 4144 n.
382 4099 411 4162 q.
437 4079 540 4162 1145,
567 4082 595 4144 3.
664 4146 678 4157 ,

147 4209 178 4252 se
209 4209 291 4269 suoq.
325 4207 373 4268 ep.
406 4189 457 4269 23,
489 4189 518 4252 8.
547 4206 595 4269 ep.
629 4187 678 4266 74,
709 4187 757 4251 20.
794 4187 823 4251 d.
856 4186 884 4253 b.
907 4188 937 4252 11
960 4189 1012 4264 26,
1035 4189 1062 4252 l.
1096 4186 1126 4251 d.
1161 4187 1199 4252 cl.
1228 4185 1243 4252 1
