2746 4724
539 253 542 261 '
673 250 694 315 2

139 452 218 534 lere,
250 456 288 518 nt
314 451 409 534 longo
432 451 535 535 spatio
558 451 727 518 antecedat
747 450 887 531 reliquas
908 447 1091 530 particulas,
1124 469 1179 526 que
1199 448 1232 510 et

138 558 394 641 0000001010
422 577 524 640 aequa
546 577 615 627 esse
636 560 757 624 numeri
779 558 912 624 doceant
932 557 979 622 hi:
1013 566 1040 623 rr
1062 557 1154 636 3500,
1175 553 1230 636 quc

138 671 209 749 550,
234 693 269 736 oc
290 671 361 750 350,
383 670 559 748 00000100.
604 667 693 746 0100
713 669 794 734 idem
819 667 983 733 dicendum
1007 667 1067 731 erit
1086 665 1125 731 de
1139 665 1229 731 libris

136 777 371 858 beneficiorum,
405 777 517 861 quibus
549 796 589 843 ex
620 776 772 844 dissoluto
806 781 840 843 et
870 776 990 842 conciso
1021 773 1085 841 stili
1116 791 1230 855 genere

137 888 278 953 maxima
305 905 376 954 curn
401 886 544 965 epistulis
569 887 740 952 similitudo
761 891 819 953 est.
861 885 898 950 In
924 884 1058 967 dialogis
1080 899 1155 950 vero
1176 907 1232 964 quc

138 1015 208 1063 cum
229 993 295 1061 1010
318 1001 473 1079 exaequet
494 1014 585 1063 usum
606 1006 634 1062 ct
655 995 838 1076 particulae,
860 994 953 1077 longe
972 999 1079 1059 tamen
1101 998 1232 1076 superat

137 1124 209 1172 cum
231 1129 267 1172 oc
287 1111 356 1170 tum
377 1124 448 1172 eam
470 1105 615 1185 formam,
637 1124 700 1188 qua
722 1105 814 1172 nimis
832 1103 948 1170 Seneca
964 1103 1118 1170 abstinuit
1132 1112 1229 1182 atque.

136 1214 188 1280 lta
219 1215 250 1278 iu
281 1213 406 1296 dialogo
438 1214 492 1297 qui
529 1219 578 1281 est
607 1214 646 1279 de
677 1212 908 1294 tranquillitate
940 1213 1053 1284 animi,
1086 1221 1114 1277 at
1146 1211 1228 1278 circa

137 1326 199 1389 300
220 1324 294 1390 locis
324 1326 497 1404 invenitur,
532 1325 684 1408 quelli),
716 1347 752 1390 oc
775 1324 828 1402 14,
862 1332 949 1403 otqae
970 1324 999 1387 5.
1043 1318 1226 1400 Quintiliani

60 1485 62 1489 .
136 1451 230 1517 porro
265 1451 358 1499 usum
391 1434 509 1515 partim
541 1452 610 1498 cnm
636 1435 807 1499 Annaeano
838 1431 1084 1499 consentientem
1112 1427 1229 1511 partim

136 1542 373 1608 dissentientem
397 1543 565 1618 ostendant
585 1543 707 1608 numeri
729 1542 782 1625 qui
805 1542 1020 1625 adparuerunt
1039 1539 1118 1604 mihi
1140 1556 1232 1605 excu-

139 1650 230 1717 tienti
252 1648 349 1717 libros
370 1649 399 1714 X
420 1655 453 1717 et
471 1650 530 1716 XI:
560 1661 588 1717 et
610 1652 700 1730 1000,
734 1674 789 1733 qrce
810 1652 881 1732 250,
903 1651 1027 1730 00110,
1050 1660 1138 1731 atque
1160 1649 1231 1729 100,

143 1777 225 1841 qnae
259 1759 486 1843 panicularum
519 1784 574 1840 quc
603 1766 638 1827 et
658 1785 694 1827 ac
715 1761 830 1844 (01000)
852 1759 1059 1843 aequabilitas
1081 1757 1232 1838 exiguum

140 1867 282 1950 quidem,
316 1885 378 1934 101
410 1874 516 1935 tamen
550 1870 813 1936 contemnendum
838 1869 940 1936 limati
962 1874 1059 1950 atque
1079 1865 1234 1933 elaborati

137 1979 292 2045 sermonis
312 1978 535 2046 documentum
557 1980 625 2047 iure
646 1977 823 2045 habebitur.

235 2086 437 2155 Salebrosum
458 2088 654 2171 ingredietur
675 2088 737 2154 iter
759 2088 857 2169 isqui
877 2086 953 2153 data
974 2104 1071 2171 opera
1089 2084 1229 2167 inquiret

137 2196 169 2261 11
191 2214 285 2262 usum
306 2197 418 2262 harum
440 2195 677 2288 particularum,
699 2197 822 2261 minuta
843 2197 926 2262 enim
949 2194 1092 2278 quaestio
1113 2200 1163 2263 est
1180 2201 1228 2260 at·

137 2322 200 2386 que
221 2306 357 2389 spinosa,
380 2323 462 2388 quae
484 2323 546 2386 que
568 2307 687 2371 maiore
708 2305 864 2370 industria
873 2305 1058 2388 ‚suscipitun
1079 2321 1116 2371 00
1127 2301 1225 2385 magis

136 2413 307 2480 verendum
329 2395 387 2494 est,
408 2433 447 2480 ne
469 2411 590 2481 frustra
613 2414 643 2479 iu
664 2412 725 2478 fine
740 2413 828 2480 nobis
843 2413 987 2479 videatur
1002 2420 1034 2478 et
1048 2415 1115 2480 sine
1129 2412 1227 2495 solido

137 2519 242 2588 fructu
275 2525 481 2605 pertractata.
530 2522 648 2587 Tamen
681 2521 731 2586 his
750 2521 913 2607 particulis
935 2521 1091 2602 quomodo
1112 2522 1230 2605 singuli

135 2630 304 2713 scriptores
337 2630 386 2696 usi
413 2631 486 2708 siut,
508 2630 690 2717 priusquam
717 2635 865 2696 accurate
886 2631 1110 2712 investigatum
1133 2635 1230 2713 atqne

71 2778 74 2783 -
137 2740 333 2822 propositum
363 2740 418 2819 sit,
451 2756 513 2803 101
534 2722 641 2822 potest
662 2737 784 2821 sperari
805 2737 945 2822 perfecta
965 2737 1092 2820 linguae
1111 2737 1230 2804 latinae

135 2848 281 2928 historia,
314 2847 364 2921 cui
395 2848 442 2913 rei
468 2847 592 2930 siquid
616 2847 797 2913 examinato
817 2846 955 2913 Senecae
978 2866 1039 2913 usu
1061 2846 1230 2924 contulisse

134 2956 343 3024 iudicabimur
364 2957 508 3038 quamvis
530 2956 687 3039 pusillum,
707 2957 787 3023 satis
809 2956 925 3022 erimus
947 2956 1096 3023 contenti.

166 3082 173 3092 ·
238 3065 285 3130 Eo
317 3064 425 3132 ordine
457 3065 606 3148 procedet
627 3067 704 3130 haec
731 3066 918 3146 disputatio,
949 3073 984 3131 nt
1005 3066 1116 3147 paneis
1138 3083 1228 3149 prac-

135 3175 240 3241 missis
262 3174 302 3239 de
327 3177 444 3240 natura
464 3175 659 3255 litterarum,
688 3175 802 3256 quibus
821 3179 1034 3257 anteponatur
1054 3198 1097 3253 oc,
1119 3191 1229 3242 secun·

7 3280 10 3283 ’
135 3283 212 3348 dum
243 3282 410 3348 verborum
442 3301 559 3366 genera
590 3287 692 3350 totam
724 3283 890 3349 materiam
921 3283 1112 3364 digeramus.
1142 3281 1227 3366 ⁴Hic

135 3365 529 3474 quaedam'exemplorum
551 3410 669 3476 genera
690 3409 728 3459 00
750 3392 879 3459 00101110
896 3390 1170 3474 perlustrabimus,
1193 3395 1230 3456 ut

135 3501 316 3568 interiorem
358 3518 422 3582 qua
464 3501 561 3566 verba
605 3500 807 3567 concilientur
849 3501 1005 3568 rationem
1040 3502 1229 3584 aperiamus.

135 3608 303 3677 Ordiemur
324 3628 400 3692 ergo
424 3607 568 3690 averbis,
587 3614 758 3691 sequentur
779 3608 907 3677 nomina
929 3610 1135 3691 substantiva,
1157 3616 1226 3674 tum

136 3717 299 3798 adieetiva,
327 3719 441 3785 deinde
461 3721 656 3803 pronomina,
678 3720 938 3803 praepositiones,
959 3719 1119 3796 adverbia,
1139 3717 1228 3784 deni-

136 3844 197 3909 que
227 3827 467 3895 coniunctiones.
511 3826 612 3906 Quam
634 3828 687 3895 ubi
709 3829 937 3896 absolverimus
957 3835 1094 3912 partem,
1127 3845 1247 3912 panca

135 3936 198 4002 alia
220 3936 395 4004 adicientur
415 3937 569 4018 imprimis
591 3939 630 4006 de
644 3941 767 4008 ratione
782 3939 947 4024 copulandi
962 3937 1015 4004 ubi
1030 3937 1228 4005 desideretur

134 4043 303 4113 disiunctio
335 4049 438 4130 deque
470 4066 529 4114 usn
560 4072 616 4130 que
647 4050 823 4132 particulae
853 4051 884 4113 in
917 4048 1056 4115 eiusdem
1088 4047 1226 4115 notionis

135 4155 331 4236 repetitione.
