2746 4724
662 281 702 346 27

140 481 189 545 83.
210 483 252 545 22
273 487 344 546 boec
365 476 421 563 (sc.
441 478 567 561 publicu
598 479 747 562 ebrietas)
768 488 930 546 oneremus
952 488 1049 560 pcata
1070 485 1231 546 bellicosae

138 611 194 670 pao
214 595 344 654 londos
363 595 498 655 tradidit.
540 588 634 684 batet
655 593 762 655 autem
784 589 815 655 in
837 589 938 656 altero
952 587 1047 654 verbu
1061 588 1137 655 licet
1149 589 1232 672 posi·

138 696 238 762 tivum
259 697 393 780 gradum
413 701 540 764 tenente
559 698 607 763 vis
628 697 822 779 superlativi.
848 695 968 762 Eodem
988 697 1080 762 modo
1095 697 1233 779 priorem

139 823 245 873 vocem
278 806 427 888 restringi
454 812 533 888 puto
565 806 598 872 in
619 807 843 891 compositione
860 829 922 887 por
941 813 1101 888 similisque
1122 806 1163 873 di.
1183 807 1233 873 ΙΙΙ

139 917 188 994 10,
213 918 230 980 1
253 921 286 982 et
308 917 358 996 10,
378 919 408 982 3.

237 1023 415 1091 Admodum
453 1043 525 1091 raro
559 1025 622 1091 duo
656 1028 812 1094 adiectiva
843 1026 934 1092 iuxta
965 1025 1068 1109 posita
1099 1024 1232 1091 inveniri

137 1139 224 1218 puto,
244 1135 295 1199 ubi
312 1119 502 1201 ¹adverbium
521 1141 555 1200 et
576 1135 765 1203 adiectivum
782 1138 955 1220 exspectes.
988 1133 1039 1200 Sic
1060 1132 1232 1214 quodlegi-

137 1248 191 1309 tur
210 1243 251 1309 di.
270 1243 317 1308 IX
340 1245 410 1325 1,6
440 1251 520 1311 cibos
549 1253 696 1325 parabitis
715 1252 872 1326 facilisque
890 1243 1164 1328 interpretandum
1185 1247 1234 1308 est

138 1352 197 1420 ita:
229 1352 316 1420 cibus
347 1353 401 1436 qui
432 1351 526 1420 facile
555 1359 705 1437 paratur,
739 1361 773 1421 et
793 1356 834 1421 di.
857 1354 885 1419 V
907 1357 936 1435 2,
959 1356 1126 1434 spasano
1145 1359 1234 1443 docta

138 1469 202 1528 irae
232 1485 305 1529 coac
334 1485 468 1544 opressus
496 1468 622 1542 fortuito
647 1473 794 1545 raptaque
810 1487 868 1545 pro
889 1472 984 1530 orode
1002 1469 1092 1545 posaeo
1112 1461 1234 1527 intelle-

131 1574 258 1652 ·guntur
278 1590 329 1636 res
352 1571 519 1654 abreptae,
543 1578 580 1639 ut
600 1571 666 1639 fors
686 1572 770 1639 tulit.
815 1572 901 1640 Talis
920 1571 1080 1662 interdum
1098 1570 1234 1637 duorum

142 1677 368 1747 adiectivorum
401 1682 483 1749 ratio
502 1686 565 1763 cst,
599 1685 637 1748 nt
656 1683 745 1766 prius
766 1683 911 1748 universe
930 1682 1050 1749 dictum
1071 1666 1133 1764 quo
1155 1678 1233 1745 roie-

141 1789 273 1855 rendum
295 1789 346 1871 sit,
370 1791 471 1867 altero
493 1792 657 1858 indicetur.
700 1791 750 1858 Sic
762 1791 925 1859 adiectivis
936 1798 1017 1870 atde,
1039 1797 1234 1857 camariaco

138 1898 278 1965 succedit
305 1907 407 1982 ottob,
440 1890 477 1967 ut
509 1901 687 1968 declaretur
719 1902 830 1969 utilem
853 1902 903 1968 vel
932 1900 1142 1968 necessariam
1164 1916 1234 1966 esse

138 2022 205 2072 rem
239 2016 514 2076 commemoratam
538 2011 579 2078 ad
600 2013 699 2077 vitam
721 2011 909 2093 degendam
947 2009 1032 2091 quod
1053 2009 1091 2075 iit
1111 2027 1160 2090 ep.
1182 2009 1233 2088 39,

138 2117 168 2181 4.
191 2134 221 2182 n.
241 2134 271 2199 q.
295 2117 323 2181 V
347 2119 394 2197 18,
420 2121 447 2184 1.
470 2118 499 2184 d.
524 2118 554 2186 b.
576 2119 623 2186 IV
643 2123 693 2204 24,
717 2121 745 2185 l.

238 2224 488 2309 Explicationcm
524 2235 581 2296 aut
619 2228 914 2311 interpretationem
943 2227 1056 2311 prioris
1086 2225 1232 2293 adiectivi

137 2335 188 2403 bis
218 2336 316 2402 habes
341 2336 431 2404 locis:
461 2361 621 2418 comanos
646 2345 694 2403 air
721 2345 771 2405 ille
798 2343 950 2418 perfectus
970 2343 1152 2417 adeptaeque
1172 2343 1232 2401 oir-

139 2453 227 2511 tutcm
247 2451 386 2523 fortunae
405 2453 559 2512 omlcdicit
582 2464 631 2527 ep.
653 2448 722 2526 120,
740 2449 788 2512 12.
807 2454 926 2513 sotitrun
939 2453 1122 2526 produntque
1135 2451 1235 2527 predi

141 2557 270 2620 bobilam
288 2553 329 2619 di.
351 2555 399 2621 111
424 2557 504 2634 1,5.

237 2663 355 2729 Verum
391 2664 518 2747 quidem
550 2670 600 2732 est
633 2664 765 2732 diversis
800 2665 901 2733 modis
933 2663 967 2730 iu
995 2663 1046 2731 bis
1081 2661 1233 2748 exemplis

136 2770 276 2839 rationes
307 2773 531 2840 adiectivorum
566 2774 718 2856 explicari
750 2779 848 2855 atque
879 2775 958 2841 adeo
991 2772 1100 2855 plures
1129 2771 1170 2838 ab
1195 2789 1236 2853 eo

137 2877 229 2946 facile
251 2880 384 2947 inveniri
401 2898 493 2964 posse
509 2881 565 2962 qui
575 2883 699 2965 pondus
721 2883 887 2949 verborum
903 2883 1062 2950 subtiliter
1074 2881 1233 2949 examina·

136 2988 227 3055 verit.
269 2989 307 3055 In
340 2991 522 3057 universum
555 2996 662 3057 tomen
694 2991 868 3058 cavendnm
898 2997 956 3073 est,
990 3010 1031 3058 ne
1051 2988 1233 3057 discrimina

136 3098 423 3181 comminiscamur,
453 3117 537 3182 quoe
555 3100 691 3181 scriptor
710 3100 797 3166 nullo
818 3099 910 3166 modo
932 3099 1125 3181 cogitaverit.
1167 3097 1233 3165 Nos

136 3223 212 3287 ergo
234 3225 297 3272 non
318 3206 532 3275 dubitabimus
557 3208 734 3277 adscribere
756 3209 860 3275 omnia
882 3210 1028 3294 exempla
1049 3208 1233 3288 itacompa·

136 3319 207 3381 rata
228 3316 320 3382 alteri
341 3319 461 3398 generi,
482 3316 567 3398 quod
587 3321 638 3384 est
658 3318 882 3386 adiectivorum
906 3317 1072 3384 adfinitate
1094 3315 1232 3398 quadam

134 3423 382 3491 coniunctorum.

241 3532 299 3598 His
326 3533 393 3600 fere
426 3533 617 3602 absolvimus
649 3552 731 3617 quae
752 3535 810 3602 hoc
838 3535 907 3602 loco
927 3534 1061 3602 dicenda
1083 3539 1175 3600 erant
1193 3533 1233 3601 de

136 3658 195 3707 usu
219 3641 393 3723 particulae
421 3666 485 3724 poe.
528 3642 591 3712 Sed
621 3650 792 3728 antequam
821 3644 860 3712 de
880 3654 967 3725 utam
987 3645 1116 3726 loquar,
1150 3660 1233 3709 unus

135 3750 241 3817 adhuc
272 3749 360 3817 locus
392 3750 598 3834 proferendus
630 3759 677 3833 ct,
711 3756 738 3818 si
768 3771 919 3836 prospare
939 3755 1023 3820 cedit
1043 3753 1231 3831 coniectura,

136 3857 350 3927 emendandus
383 3864 444 3940 est,
479 3860 555 3940 quia
586 3861 649 3928 duo
681 3879 763 3942 quae
788 3863 830 3928 ibi
851 3862 1054 3930 inveniuntur
1079 3861 1233 3929 adiectivs

136 3968 293 4051 copulata,
315 3966 391 4035 nihil
413 3968 531 4037 habent
552 3970 685 4036 rationis
705 3989 761 4037 cur
783 3970 980 4053 copulentur.
1012 3972 1051 4037 In
1065 3970 1114 4038 bis
1129 3969 1232 4037 verbis
1254 3962 1262 3975 ‘

135 4095 167 4142 n.
189 4094 220 4157 q.
243 4076 285 4142 vl
307 4079 358 4158 32,
379 4080 399 4142 3
420 4085 531 4160 inpacto·
553 4087 652 4158 capua
672 4086 770 4145 auimo
789 4102 868 4146 mors
887 4087 1076 4160 provocanda
1099 4089 1150 4160 esi,
1171 4087 1232 4146 eoo

134 4208 188 4251 nos
207 4209 299 4267 aequo
320 4197 456 4271 vastoque
476 4195 587 4268 napea
607 4194 792 4270 adpredttar,
821 4196 881 4256 stoc
900 4195 1045 4256 cotidiano
1067 4199 1094 4254 et
1115 4194 1230 4270 colpam·

137 4298 225 4376 eada,
248 4294 367 4361 nullum
389 4295 480 4366 video
501 4297 586 4364 viam
606 4316 702 4382 quam
724 4299 795 4380 quis
814 4297 949 4368 feliciter
968 4299 1055 4368 ineat
1072 4298 1113 4370 ed
1129 4296 1230 4387 expli·
