<?xml version="1.0" encoding="UTF-8"?>
<!DOCTYPE html PUBLIC "-//W3C//DTD XHTML 1.0 Transitional//EN"
    "http://www.w3.org/TR/xhtml1/DTD/xhtml1-transitional.dtd">
<html xmlns="http://www.w3.org/1999/xhtml" xml:lang="en" lang="en">
 <head>
  <title>
</title>
<meta http-equiv="Content-Type" content="text/html;charset=utf-8" />
  <meta name='ocr-system' content='tesseract 3.04.00' />
  <meta name='ocr-capabilities' content='ocr_page ocr_carea ocr_par ocr_line ocrx_word'/>
</head>
<body>
  <div class='ocr_page' id='page_1' title='image "./animadversiones00klamgoog_0028.png"; bbox 0 0 2746 4724; ppageno 0'>
   <div class='ocr_carea' id='block_1_1' title="bbox 645 268 684 337">
    <p class='ocr_par' dir='ltr' id='par_1_1' title="bbox 645 268 684 337">
     <span class='ocr_line' id='line_1_1' title="bbox 645 268 684 337; baseline -0.026 0"><span class='ocrx_word' id='word_1_1' title='bbox 645 268 684 337; x_wconf 82' lang='lat'>19</span> 
     </span>
    </p>
   </div>
   <div class='ocr_carea' id='block_1_2' title="bbox 124 471 1219 661">
    <p class='ocr_par' dir='ltr' id='par_1_2' title="bbox 124 471 1219 661">
     <span class='ocr_line' id='line_1_2' title="bbox 124 471 1219 555; baseline -0.004 -15"><span class='ocrx_word' id='word_1_2' title='bbox 124 473 300 540; x_wconf 81' lang='lat' dir='ltr'>sententiae</span> <span class='ocrx_word' id='word_1_3' title='bbox 324 478 526 555; x_wconf 88' lang='lat' dir='ltr'>opponuntur</span> <span class='ocrx_word' id='word_1_4' title='bbox 547 473 718 538; x_wconf 87' lang='lat' dir='ltr'>secundum</span> <span class='ocrx_word' id='word_1_5' title='bbox 738 471 914 539; x_wconf 90' lang='lat' dir='ltr'>codicemB</span> <span class='ocrx_word' id='word_1_6' title='bbox 940 471 1036 537; x_wconf 90' lang='lat' dir='ltr'>verbe</span> <span class='ocrx_word' id='word_1_7' title='bbox 1056 472 1136 538; x_wconf 91' lang='lat' dir='ltr'>heec</span> <span class='ocrx_word' id='word_1_8' title='bbox 1160 493 1219 536; x_wconf 84' lang='lat' dir='ltr'>uec</span> 
     </span>
     <span class='ocr_line' id='line_1_3' title="bbox 128 585 1216 661; baseline -0.001 -14"><span class='ocrx_word' id='word_1_9' title='bbox 128 588 213 647; x_wconf 80' lang='lat' dir='ltr'>modo</span> <span class='ocrx_word' id='word_1_10' title='bbox 233 587 315 648; x_wconf 79' lang='lat' dir='ltr'>dicae</span> <span class='ocrx_word' id='word_1_11' title='bbox 335 589 402 648; x_wconf 81' lang='lat' dir='ltr'>licet</span> <span class='ocrx_word' id='word_1_12' title='bbox 427 585 487 648; x_wconf 77' lang='lat' dir='ltr'>eon</span> <span class='ocrx_word' id='word_1_13' title='bbox 513 605 573 647; x_wconf 85' lang='lat' dir='ltr'>esee</span> <span class='ocrx_word' id='word_1_14' title='bbox 596 589 629 646; x_wconf 81' lang='lat' dir='ltr'>in</span> <span class='ocrx_word' id='word_1_15' title='bbox 653 586 736 646; x_wconf 83' lang='lat' dir='ltr'>melle</span> <span class='ocrx_word' id='word_1_16' title='bbox 757 587 952 647; x_wconf 75' lang='lat' dir='ltr'><strong><em>dulcedinem:</em></strong></span> <span class='ocrx_word' id='word_1_17' title='bbox 977 605 1047 648; x_wconf 76' lang='lat' dir='ltr'>aare</span> <span class='ocrx_word' id='word_1_18' title='bbox 1070 588 1135 661; x_wconf 80' lang='lat' dir='ltr'>ipse</span> <span class='ocrx_word' id='word_1_19' title='bbox 1157 586 1216 657; x_wconf 81' lang='lat' dir='ltr'>ille,</span> 
     </span>
    </p>
   </div>
   <div class='ocr_carea' id='block_1_3' title="bbox 119 676 1349 772">
    <p class='ocr_par' dir='ltr' id='par_1_3' title="bbox 119 676 1349 772">
     <span class='ocr_line' id='line_1_4' title="bbox 119 676 1349 772; baseline -0.002 -16"><span class='ocrx_word' id='word_1_20' title='bbox 119 697 171 771; x_wconf 77' lang='lat' dir='ltr'>pei</span> <span class='ocrx_word' id='word_1_21' title='bbox 191 713 253 756; x_wconf 82' lang='lat' dir='ltr'>ecee</span> <span class='ocrx_word' id='word_1_22' title='bbox 272 697 383 768; x_wconf 75' lang='lat' dir='ltr'>debeat,</span> <span class='ocrx_word' id='word_1_23' title='bbox 404 698 448 757; x_wconf 79' lang='lat' dir='ltr'>ito</span> <span class='ocrx_word' id='word_1_24' title='bbox 468 699 589 771; x_wconf 72' lang='lat' dir='ltr'>aptatus</span> <span class='ocrx_word' id='word_1_25' title='bbox 609 697 713 772; x_wconf 70' lang='lat' dir='ltr'>linoae</span> <span class='ocrx_word' id='word_1_26' title='bbox 739 696 900 770; x_wconf 78' lang='lat' dir='ltr'>palatoque</span> <span class='ocrx_word' id='word_1_27' title='bbox 928 699 970 755; x_wconf 85' lang='lat' dir='ltr'>est</span> <span class='ocrx_word' id='word_1_28' title='bbox 991 695 1131 756; x_wconf 76' lang='lat' dir='ltr'>eiusmodi</span> <span class='ocrx_word' id='word_1_29' title='bbox 1148 712 1217 771; x_wconf 72' lang='lat' dir='ltr'>pus·</span> <span class='ocrx_word' id='word_1_30' title='bbox 1339 676 1349 697; x_wconf 70' lang='lat'><strong><em>⁹</em></strong></span> 
     </span>
    </p>
   </div>
   <div class='ocr_carea' id='block_1_4' title="bbox 65 798 1219 2310">
    <p class='ocr_par' dir='ltr' id='par_1_4' title="bbox 65 798 1219 2310">
     <span class='ocr_line' id='line_1_5' title="bbox 121 798 1216 880; baseline -0.002 -14"><span class='ocrx_word' id='word_1_31' title='bbox 121 808 188 878; x_wconf 78' lang='lat' dir='ltr'>tram,</span> <span class='ocrx_word' id='word_1_32' title='bbox 223 809 258 864; x_wconf 84' lang='lat' dir='ltr'>act</span> <span class='ocrx_word' id='word_1_33' title='bbox 276 807 327 865; x_wconf 81' lang='lat' dir='ltr'>ilie</span> <span class='ocrx_word' id='word_1_34' title='bbox 354 807 436 867; x_wconf 75' lang='lat' dir='ltr'>talis</span> <span class='ocrx_word' id='word_1_35' title='bbox 450 824 542 880; x_wconf 79' lang='lat' dir='ltr'>sapor</span> <span class='ocrx_word' id='word_1_36' title='bbox 569 805 667 880; x_wconf 73' lang='lat' dir='ltr'>capeat</span> <span class='ocrx_word' id='word_1_37' title='bbox 698 805 868 877; x_wconf 78' lang='lat' dir='ltr'>offendetur.</span> <span class='ocrx_word' id='word_1_38' title='bbox 919 798 1007 877; x_wconf 78' lang='lat' dir='ltr'>Quae</span> <span class='ocrx_word' id='word_1_39' title='bbox 1037 798 1124 864; x_wconf 87' lang='lat' dir='ltr'>nihili</span> <span class='ocrx_word' id='word_1_40' title='bbox 1147 817 1216 867; x_wconf 85' lang='lat' dir='ltr'>esse</span> 
     </span>
     <span class='ocr_line' id='line_1_6' title="bbox 122 908 1218 992; baseline -0.001 -17"><span class='ocrx_word' id='word_1_41' title='bbox 122 925 213 975; x_wconf 89' lang='lat' dir='ltr'>nemo</span> <span class='ocrx_word' id='word_1_42' title='bbox 237 926 298 974; x_wconf 94' lang='lat' dir='ltr'>non</span> <span class='ocrx_word' id='word_1_43' title='bbox 321 909 414 976; x_wconf 86' lang='lat' dir='ltr'>videt.</span> <span class='ocrx_word' id='word_1_44' title='bbox 457 909 622 976; x_wconf 75' lang='lat' dir='ltr'>Fickertus</span> <span class='ocrx_word' id='word_1_45' title='bbox 643 909 769 992; x_wconf 88' lang='lat' dir='ltr'>quidem</span> <span class='ocrx_word' id='word_1_46' title='bbox 796 908 983 975; x_wconf 79' lang='lat' dir='ltr'>deteriorem</span> <span class='ocrx_word' id='word_1_47' title='bbox 1007 929 1045 974; x_wconf 83' lang='lat' dir='ltr'>ex</span> <span class='ocrx_word' id='word_1_48' title='bbox 1059 912 1152 990; x_wconf 88' lang='lat' dir='ltr'>perte</span> <span class='ocrx_word' id='word_1_49' title='bbox 1169 926 1218 974; x_wconf 93' lang='lat' dir='ltr'>se·</span> 
     </span>
     <span class='ocr_line' id='line_1_7' title="bbox 121 1018 1215 1100; baseline -0.001 -16"><span class='ocrx_word' id='word_1_50' title='bbox 121 1024 212 1087; x_wconf 89' lang='lat' dir='ltr'>cutus</span> <span class='ocrx_word' id='word_1_51' title='bbox 234 1018 370 1085; x_wconf 84' lang='lat' dir='ltr'>codicem</span> <span class='ocrx_word' id='word_1_52' title='bbox 393 1018 439 1084; x_wconf 88' lang='lat' dir='ltr'>ite</span> <span class='ocrx_word' id='word_1_53' title='bbox 458 1019 585 1100; x_wconf 82' lang='lat' dir='ltr'>scripsit</span> <span class='ocrx_word' id='word_1_54' title='bbox 604 1042 673 1084; x_wconf 77' lang='lat' dir='ltr'>eme</span> <span class='ocrx_word' id='word_1_55' title='bbox 692 1027 757 1099; x_wconf 78' lang='lat' dir='ltr'>ipse</span> <span class='ocrx_word' id='word_1_56' title='bbox 779 1024 829 1087; x_wconf 78' lang='lat' dir='ltr'>iile</span> <span class='ocrx_word' id='word_1_57' title='bbox 855 1026 907 1098; x_wconf 76' lang='lat' dir='ltr'>qai</span> <span class='ocrx_word' id='word_1_58' title='bbox 926 1029 977 1096; x_wconf 79' lang='lat' dir='ltr'>osi,</span> <span class='ocrx_word' id='word_1_59' title='bbox 999 1026 1079 1085; x_wconf 85' lang='lat' dir='ltr'>debet</span> <span class='ocrx_word' id='word_1_60' title='bbox 1098 1025 1142 1083; x_wconf 81' lang='lat' dir='ltr'>ita</span> <span class='ocrx_word' id='word_1_61' title='bbox 1163 1041 1215 1098; x_wconf 69' lang='lat' dir='ltr'>cp</span> 
     </span>
     <span class='ocr_line' id='line_1_8' title="bbox 120 1115 1218 1213; baseline 0 -19"><span class='ocrx_word' id='word_1_62' title='bbox 120 1137 198 1194; x_wconf 80' lang='lat' dir='ltr'>taius</span> <span class='ocrx_word' id='word_1_63' title='bbox 223 1115 336 1213; x_wconf 78' lang='lat' dir='ltr'>tirapea</span> <span class='ocrx_word' id='word_1_64' title='bbox 349 1134 509 1209; x_wconf 79' lang='lat' dir='ltr'>palatoque</span> <span class='ocrx_word' id='word_1_65' title='bbox 537 1151 599 1194; x_wconf 78' lang='lat' dir='ltr'>cese</span> <span class='ocrx_word' id='word_1_66' title='bbox 624 1134 667 1193; x_wconf 85' lang='lat' dir='ltr'>ad</span> <span class='ocrx_word' id='word_1_67' title='bbox 693 1134 834 1194; x_wconf 83' lang='lat' dir='ltr'>eiaemodi</span> <span class='ocrx_word' id='word_1_68' title='bbox 858 1137 984 1209; x_wconf 74' lang='lat' dir='ltr'>praetem,</span> <span class='ocrx_word' id='word_1_69' title='bbox 1013 1138 1047 1195; x_wconf 84' lang='lat' dir='ltr'>at</span> <span class='ocrx_word' id='word_1_70' title='bbox 1075 1134 1218 1194; x_wconf 75' lang='lat' dir='ltr'>illocalis</span> 
     </span>
     <span class='ocr_line' id='line_1_9' title="bbox 119 1220 1216 1318; baseline 0.002 -18"><span class='ocrx_word' id='word_1_71' title='bbox 119 1256 209 1315; x_wconf 80' lang='lat' dir='ltr'>sapor</span> <span class='ocrx_word' id='word_1_72' title='bbox 229 1243 327 1315; x_wconf 80' lang='lat' dir='ltr'>capiat</span> <span class='ocrx_word' id='word_1_73' title='bbox 349 1240 547 1312; x_wconf 77' lang='lat' dir='ltr'>offendentem.</span> <span class='ocrx_word' id='word_1_74' title='bbox 584 1234 646 1301; x_wconf 87' lang='lat' dir='ltr'>Sed</span> <span class='ocrx_word' id='word_1_75' title='bbox 668 1236 805 1318; x_wconf 91' lang='lat' dir='ltr'>primum</span> <span class='ocrx_word' id='word_1_76' title='bbox 827 1236 1048 1303; x_wconf 83' lang='lat' dir='ltr'>necessitatem</span> <span class='ocrx_word' id='word_1_77' title='bbox 1070 1254 1126 1301; x_wconf 91' lang='lat' dir='ltr'>cur</span> <span class='ocrx_word' id='word_1_78' title='bbox 1148 1220 1216 1302; x_wconf 85' lang='lat' dir='ltr'>mu·</span> 
     </span>
     <span class='ocr_line' id='line_1_10' title="bbox 120 1343 1216 1425; baseline 0.001 -16"><span class='ocrx_word' id='word_1_79' title='bbox 120 1350 225 1411; x_wconf 85' lang='lat' dir='ltr'>temus</span> <span class='ocrx_word' id='word_1_80' title='bbox 246 1343 342 1410; x_wconf 86' lang='lat' dir='ltr'>verbe</span> <span class='ocrx_word' id='word_1_81' title='bbox 356 1352 407 1425; x_wconf 77' lang='lat' dir='ltr'>qai</span> <span class='ocrx_word' id='word_1_82' title='bbox 424 1367 485 1411; x_wconf 80' lang='lat' dir='ltr'>esee</span> <span class='ocrx_word' id='word_1_83' title='bbox 502 1352 612 1423; x_wconf 80' lang='lat' dir='ltr'>debeat,</span> <span class='ocrx_word' id='word_1_84' title='bbox 630 1353 728 1412; x_wconf 78' lang='lat' dir='ltr'>ita-eet</span> <span class='ocrx_word' id='word_1_85' title='bbox 753 1362 815 1410; x_wconf 92' lang='lat' dir='ltr'>non</span> <span class='ocrx_word' id='word_1_86' title='bbox 829 1344 929 1424; x_wconf 89' lang='lat' dir='ltr'>video,</span> <span class='ocrx_word' id='word_1_87' title='bbox 952 1352 1020 1410; x_wconf 87' lang='lat' dir='ltr'>tum</span> <span class='ocrx_word' id='word_1_88' title='bbox 1044 1344 1120 1411; x_wconf 90' lang='lat' dir='ltr'>mihi</span> <span class='ocrx_word' id='word_1_89' title='bbox 1148 1346 1216 1425; x_wconf 85' lang='lat' dir='ltr'>qui-</span> 
     </span>
     <span class='ocr_line' id='line_1_11' title="bbox 120 1453 1217 1537; baseline 0.003 -18"><span class='ocrx_word' id='word_1_90' title='bbox 120 1453 192 1520; x_wconf 92' lang='lat' dir='ltr'>dem</span> <span class='ocrx_word' id='word_1_91' title='bbox 207 1471 269 1519; x_wconf 91' lang='lat' dir='ltr'>non</span> <span class='ocrx_word' id='word_1_92' title='bbox 282 1454 429 1536; x_wconf 81' lang='lat' dir='ltr'>probavit</span> <span class='ocrx_word' id='word_1_93' title='bbox 440 1454 607 1521; x_wconf 84' lang='lat' dir='ltr'>Fickertus</span> <span class='ocrx_word' id='word_1_94' title='bbox 621 1457 811 1521; x_wconf 82' lang='lat' dir='ltr'>sententiam</span> <span class='ocrx_word' id='word_1_95' title='bbox 826 1474 928 1536; x_wconf 79' lang='lat' dir='ltr'>suem,</span> <span class='ocrx_word' id='word_1_96' title='bbox 952 1474 1014 1537; x_wconf 86' lang='lat' dir='ltr'>qua</span> <span class='ocrx_word' id='word_1_97' title='bbox 1029 1462 1217 1534; x_wconf 73' lang='lat' dir='ltr'>offendentem</span> 
     </span>
     <span class='ocr_line' id='line_1_12' title="bbox 65 1547 1218 1645; baseline 0.006 -20"><span class='ocrx_word' id='word_1_98' title='bbox 65 1620 68 1625; x_wconf 87' lang='lat'>.</span> <span class='ocrx_word' id='word_1_99' title='bbox 127 1562 209 1629; x_wconf 92' lang='lat' dir='ltr'>idem</span> <span class='ocrx_word' id='word_1_100' title='bbox 232 1582 300 1631; x_wconf 88' lang='lat' dir='ltr'>esse</span> <span class='ocrx_word' id='word_1_101' title='bbox 324 1563 422 1630; x_wconf 82' lang='lat' dir='ltr'>voluit</span> <span class='ocrx_word' id='word_1_102' title='bbox 443 1547 541 1645; x_wconf 65' lang='lat' dir='ltr'>etdue</span> <span class='ocrx_word' id='word_1_103' title='bbox 561 1572 744 1630; x_wconf 77' lang='lat' dir='ltr'>incidentem.</span> <span class='ocrx_word' id='word_1_104' title='bbox 796 1564 919 1631; x_wconf 88' lang='lat' dir='ltr'>Doceut</span> <span class='ocrx_word' id='word_1_105' title='bbox 939 1565 1021 1630; x_wconf 90' lang='lat' dir='ltr'>enim</span> <span class='ocrx_word' id='word_1_106' title='bbox 1044 1584 1094 1630; x_wconf 92' lang='lat' dir='ltr'>me</span> <span class='ocrx_word' id='word_1_107' title='bbox 1116 1566 1218 1632; x_wconf 93' lang='lat' dir='ltr'>iudice</span> 
     </span>
     <span class='ocr_line' id='line_1_13' title="bbox 121 1673 1219 1755; baseline 0.004 -19"><span class='ocrx_word' id='word_1_108' title='bbox 121 1673 218 1739; x_wconf 82' lang='lat' dir='ltr'>verbe</span> <span class='ocrx_word' id='word_1_109' title='bbox 253 1673 418 1753; x_wconf 83' lang='lat' dir='ltr'>sequentis</span> <span class='ocrx_word' id='word_1_110' title='bbox 457 1682 527 1738; x_wconf 81' lang='lat' dir='ltr'>eunt</span> <span class='ocrx_word' id='word_1_111' title='bbox 554 1681 631 1739; x_wconf 80' lang='lat' dir='ltr'>euim</span> <span class='ocrx_word' id='word_1_112' title='bbox 661 1681 913 1755; x_wconf 66' lang='lat' dir='ltr'>eademeadem</span> <span class='ocrx_word' id='word_1_113' title='bbox 936 1681 1031 1740; x_wconf 78' lang='lat' dir='ltr'>mmor·</span> <span class='ocrx_word' id='word_1_114' title='bbox 1062 1682 1133 1742; x_wconf 76' lang='lat' dir='ltr'>citio</span> <span class='ocrx_word' id='word_1_115' title='bbox 1161 1681 1219 1742; x_wconf 81' lang='lat' dir='ltr'>mel</span> 
     </span>
     <span class='ocr_line' id='line_1_14' title="bbox 121 1774 1217 1865; baseline 0.004 -18"><span class='ocrx_word' id='word_1_116' title='bbox 121 1804 257 1848; x_wconf 73' lang='lat' dir='ltr'>marceo</span> <span class='ocrx_word' id='word_1_117' title='bbox 273 1789 409 1848; x_wconf 66' lang='lat' dir='ltr'>videare</span> <span class='ocrx_word' id='word_1_118' title='bbox 430 1782 461 1847; x_wconf 92' lang='lat' dir='ltr'>in</span> <span class='ocrx_word' id='word_1_119' title='bbox 482 1782 637 1865; x_wconf 82' lang='lat' dir='ltr'>prioribus</span> <span class='ocrx_word' id='word_1_120' title='bbox 658 1785 710 1864; x_wconf 83' lang='lat' dir='ltr'>egi</span> <span class='ocrx_word' id='word_1_121' title='bbox 731 1783 770 1849; x_wconf 92' lang='lat' dir='ltr'>de</span> <span class='ocrx_word' id='word_1_122' title='bbox 792 1801 867 1849; x_wconf 88' lang='lat' dir='ltr'>vere</span> <span class='ocrx_word' id='word_1_123' title='bbox 882 1785 1019 1863; x_wconf 86' lang='lat' dir='ltr'>quedem</span> <span class='ocrx_word' id='word_1_124' title='bbox 1040 1774 1217 1851; x_wconf 83' lang='lat' dir='ltr'>offensione.</span> 
     </span>
     <span class='ocr_line' id='line_1_15' title="bbox 117 1888 1219 1976; baseline 0.003 -21"><span class='ocrx_word' id='word_1_125' title='bbox 117 1888 187 1959; x_wconf 57' lang='lat' dir='ltr'>&gt;Nec</span> <span class='ocrx_word' id='word_1_126' title='bbox 197 1891 325 1957; x_wconf 90' lang='lat' dir='ltr'>meliore</span> <span class='ocrx_word' id='word_1_127' title='bbox 336 1891 387 1956; x_wconf 83' lang='lat' dir='ltr'>evi</span> <span class='ocrx_word' id='word_1_128' title='bbox 401 1890 540 1957; x_wconf 75' lang='lat' dir='ltr'>Hessius</span> <span class='ocrx_word' id='word_1_129' title='bbox 554 1891 657 1958; x_wconf 90' lang='lat' dir='ltr'>locum</span> <span class='ocrx_word' id='word_1_130' title='bbox 668 1892 836 1958; x_wconf 91' lang='lat' dir='ltr'>emendere</span> <span class='ocrx_word' id='word_1_131' title='bbox 851 1897 983 1959; x_wconf 85' lang='lat' dir='ltr'>conatus</span> <span class='ocrx_word' id='word_1_132' title='bbox 993 1898 1051 1976; x_wconf 89' lang='lat' dir='ltr'>est,</span> <span class='ocrx_word' id='word_1_133' title='bbox 1063 1893 1117 1976; x_wconf 88' lang='lat' dir='ltr'>qui</span> <span class='ocrx_word' id='word_1_134' title='bbox 1133 1895 1219 1960; x_wconf 90' lang='lat' dir='ltr'>recte</span> 
     </span>
     <span class='ocr_line' id='line_1_16' title="bbox 78 1998 1219 2082; baseline 0.003 -17"><span class='ocrx_word' id='word_1_135' title='bbox 78 2032 82 2038; x_wconf 84' lang='lat'><strong>·</strong></span> <span class='ocrx_word' id='word_1_136' title='bbox 121 1998 260 2066; x_wconf 81' lang='lat' dir='ltr'>fortasse</span> <span class='ocrx_word' id='word_1_137' title='bbox 285 2017 341 2082; x_wconf 92' lang='lat' dir='ltr'>pro</span> <span class='ocrx_word' id='word_1_138' title='bbox 366 2005 540 2080; x_wconf 70' lang='lat' dir='ltr'>anamodo,</span> <span class='ocrx_word' id='word_1_139' title='bbox 568 2000 652 2081; x_wconf 90' lang='lat' dir='ltr'>quod</span> <span class='ocrx_word' id='word_1_140' title='bbox 674 2005 767 2066; x_wconf 91' lang='lat' dir='ltr'>certe</span> <span class='ocrx_word' id='word_1_141' title='bbox 793 1999 959 2068; x_wconf 89' lang='lat' dir='ltr'>ferendum</span> <span class='ocrx_word' id='word_1_142' title='bbox 986 2008 1133 2082; x_wconf 87' lang='lat' dir='ltr'>nonest,</span> <span class='ocrx_word' id='word_1_143' title='bbox 1163 2009 1219 2068; x_wconf 78' lang='lat' dir='ltr'>iero</span> 
     </span>
     <span class='ocr_line' id='line_1_17' title="bbox 122 2106 1219 2195; baseline -0.001 -19"><span class='ocrx_word' id='word_1_144' title='bbox 122 2106 207 2176; x_wconf 70' lang='lat' dir='ltr'>endo</span> <span class='ocrx_word' id='word_1_145' title='bbox 230 2110 365 2191; x_wconf 79' lang='lat' dir='ltr'>scripsit,</span> <span class='ocrx_word' id='word_1_146' title='bbox 387 2109 449 2175; x_wconf 91' lang='lat' dir='ltr'>uisi</span> <span class='ocrx_word' id='word_1_147' title='bbox 469 2110 552 2176; x_wconf 87' lang='lat' dir='ltr'>forte</span> <span class='ocrx_word' id='word_1_148' title='bbox 577 2120 626 2177; x_wconf 82' lang='lat' dir='ltr'>ico</span> <span class='ocrx_word' id='word_1_149' title='bbox 649 2117 734 2177; x_wconf 85' lang='lat' dir='ltr'>mado</span> <span class='ocrx_word' id='word_1_150' title='bbox 759 2112 909 2195; x_wconf 82' lang='lat' dir='ltr'>praefers,</span> <span class='ocrx_word' id='word_1_151' title='bbox 939 2129 1009 2176; x_wconf 91' lang='lat' dir='ltr'>cum</span> <span class='ocrx_word' id='word_1_152' title='bbox 1036 2109 1158 2176; x_wconf 81' lang='lat' dir='ltr'>facilius</span> <span class='ocrx_word' id='word_1_153' title='bbox 1179 2130 1219 2176; x_wconf 86' lang='lat' dir='ltr'>ex</span> 
     </span>
     <span class='ocr_line' id='line_1_18' title="bbox 120 2219 1218 2310; baseline 0.002 -26"><span class='ocrx_word' id='word_1_154' title='bbox 120 2226 183 2302; x_wconf 70' lang='lat' dir='ltr'>aad</span> <span class='ocrx_word' id='word_1_155' title='bbox 203 2228 369 2310; x_wconf 80' lang='lat' dir='ltr'>tuaquom</span> <span class='ocrx_word' id='word_1_156' title='bbox 385 2237 423 2284; x_wconf 82' lang='lat' dir='ltr'>ex</span> <span class='ocrx_word' id='word_1_157' title='bbox 445 2228 507 2301; x_wconf 72' lang='lat' dir='ltr'>apic</span> <span class='ocrx_word' id='word_1_158' title='bbox 530 2229 586 2286; x_wconf 76' lang='lat' dir='ltr'>ieta</span> <span class='ocrx_word' id='word_1_159' title='bbox 608 2220 684 2285; x_wconf 90' lang='lat' dir='ltr'>oriri</span> <span class='ocrx_word' id='word_1_160' title='bbox 698 2220 838 2302; x_wconf 86' lang='lat' dir='ltr'>potuerit</span> <span class='ocrx_word' id='word_1_161' title='bbox 856 2228 920 2301; x_wconf 73' lang='lat' dir='ltr'>apii</span> <span class='ocrx_word' id='word_1_162' title='bbox 939 2244 1007 2287; x_wconf 81' lang='lat' dir='ltr'>ana.</span> <span class='ocrx_word' id='word_1_163' title='bbox 1050 2219 1120 2285; x_wconf 90' lang='lat' dir='ltr'>Vim</span> <span class='ocrx_word' id='word_1_164' title='bbox 1144 2237 1218 2286; x_wconf 92' lang='lat' dir='ltr'>vero</span> 
     </span>
    </p>
   </div>
   <div class='ocr_carea' id='block_1_5' title="bbox 123 2320 1218 2521">
    <p class='ocr_par' dir='ltr' id='par_1_5' title="bbox 123 2320 1218 2521">
     <span class='ocr_line' id='line_1_19' title="bbox 123 2320 1218 2410; baseline 0.003 -17"><span class='ocrx_word' id='word_1_165' title='bbox 123 2329 238 2394; x_wconf 89' lang='lat' dir='ltr'>edtulit</span> <span class='ocrx_word' id='word_1_166' title='bbox 259 2330 396 2394; x_wconf 83' lang='lat' dir='ltr'>traditae</span> <span class='ocrx_word' id='word_1_167' title='bbox 420 2328 490 2395; x_wconf 85' lang='lat' dir='ltr'>roci</span> <span class='ocrx_word' id='word_1_168' title='bbox 516 2337 590 2408; x_wconf 79' lang='lat' dir='ltr'>ipse,</span> <span class='ocrx_word' id='word_1_169' title='bbox 618 2346 713 2410; x_wconf 88' lang='lat' dir='ltr'>quem</span> <span class='ocrx_word' id='word_1_170' title='bbox 740 2347 778 2394; x_wconf 84' lang='lat' dir='ltr'>ex</span> <span class='ocrx_word' id='word_1_171' title='bbox 799 2335 858 2394; x_wconf 82' lang='lat' dir='ltr'>aiei</span> <span class='ocrx_word' id='word_1_172' title='bbox 879 2320 1084 2410; x_wconf 80' lang='lat' dir='ltr'>deprecatam</span> <span class='ocrx_word' id='word_1_173' title='bbox 1110 2347 1218 2396; x_wconf 87' lang='lat' dir='ltr'>essee</span> 
     </span>
     <span class='ocr_line' id='line_1_20' title="bbox 125 2437 1218 2521; baseline 0.001 -19"><span class='ocrx_word' id='word_1_174' title='bbox 125 2437 394 2504; x_wconf 79' lang='lat' dir='ltr'>verisimilitudine</span> <span class='ocrx_word' id='word_1_175' title='bbox 422 2438 520 2504; x_wconf 80' lang='lat' dir='ltr'>abest.</span> <span class='ocrx_word' id='word_1_176' title='bbox 575 2437 666 2515; x_wconf 83' lang='lat' dir='ltr'>Quod</span> <span class='ocrx_word' id='word_1_177' title='bbox 695 2441 1035 2521; x_wconf 76' lang='lat' dir='ltr'>praetermitteretis</span> <span class='ocrx_word' id='word_1_178' title='bbox 1067 2461 1159 2518; x_wconf 85' lang='lat' dir='ltr'>sopor</span> <span class='ocrx_word' id='word_1_179' title='bbox 1188 2439 1218 2503; x_wconf 92' lang='lat' dir='ltr'>iu</span> 
     </span>
    </p>
   </div>
   <div class='ocr_carea' id='block_1_6' title="bbox 121 2547 1219 3175">
    <p class='ocr_par' dir='ltr' id='par_1_6' title="bbox 121 2547 1219 3175">
     <span class='ocr_line' id='line_1_21' title="bbox 126 2547 1218 2631; baseline 0.002 -18"><span class='ocrx_word' id='word_1_180' title='bbox 126 2552 208 2613; x_wconf 61' lang='lat' dir='ltr'>mea·</span> <span class='ocrx_word' id='word_1_181' title='bbox 226 2554 296 2613; x_wconf 78' lang='lat' dir='ltr'>tatis</span> <span class='ocrx_word' id='word_1_182' title='bbox 317 2569 410 2627; x_wconf 80' lang='lat' dir='ltr'>sopor</span> <span class='ocrx_word' id='word_1_183' title='bbox 433 2547 579 2631; x_wconf 78' lang='lat' dir='ltr'>mutavit,</span> <span class='ocrx_word' id='word_1_184' title='bbox 603 2553 732 2630; x_wconf 87' lang='lat' dir='ltr'>propter</span> <span class='ocrx_word' id='word_1_185' title='bbox 745 2547 929 2628; x_wconf 79' lang='lat' dir='ltr'>languidam</span> <span class='ocrx_word' id='word_1_186' title='bbox 951 2549 1145 2628; x_wconf 82' lang='lat' dir='ltr'>pronominis</span> <span class='ocrx_word' id='word_1_187' title='bbox 1168 2568 1218 2615; x_wconf 94' lang='lat' dir='ltr'>re-</span> 
     </span>
     <span class='ocr_line' id='line_1_22' title="bbox 124 2657 1216 2741; baseline 0.001 -20"><span class='ocrx_word' id='word_1_188' title='bbox 124 2657 303 2737; x_wconf 87' lang='lat' dir='ltr'>petitionem</span> <span class='ocrx_word' id='word_1_189' title='bbox 327 2676 389 2722; x_wconf 91' lang='lat' dir='ltr'>nou</span> <span class='ocrx_word' id='word_1_190' title='bbox 413 2657 576 2738; x_wconf 82' lang='lat' dir='ltr'>probabile</span> <span class='ocrx_word' id='word_1_191' title='bbox 597 2657 732 2723; x_wconf 89' lang='lat' dir='ltr'>videtur.</span> <span class='ocrx_word' id='word_1_192' title='bbox 775 2658 820 2724; x_wconf 91' lang='lat' dir='ltr'>Ut</span> <span class='ocrx_word' id='word_1_193' title='bbox 850 2677 954 2725; x_wconf 86' lang='lat' dir='ltr'>meem</span> <span class='ocrx_word' id='word_1_194' title='bbox 975 2676 1051 2740; x_wconf 85' lang='lat' dir='ltr'>ergo</span> <span class='ocrx_word' id='word_1_195' title='bbox 1073 2677 1216 2741; x_wconf 90' lang='lat' dir='ltr'>promem</span> 
     </span>
     <span class='ocr_line' id='line_1_23' title="bbox 122 2767 1219 2850; baseline 0.001 -17"><span class='ocrx_word' id='word_1_196' title='bbox 122 2769 322 2846; x_wconf 80' lang='lat' dir='ltr'>sententiam,</span> <span class='ocrx_word' id='word_1_197' title='bbox 345 2768 391 2830; x_wconf 84' lang='lat' dir='ltr'>ite</span> <span class='ocrx_word' id='word_1_198' title='bbox 420 2767 618 2832; x_wconf 90' lang='lat' dir='ltr'>scribendum</span> <span class='ocrx_word' id='word_1_199' title='bbox 644 2768 788 2850; x_wconf 90' lang='lat' dir='ltr'>suspicor</span> <span class='ocrx_word' id='word_1_200' title='bbox 815 2791 885 2834; x_wconf 84' lang='lat' dir='ltr'>aem</span> <span class='ocrx_word' id='word_1_201' title='bbox 905 2776 967 2848; x_wconf 77' lang='lat' dir='ltr'>ipse</span> <span class='ocrx_word' id='word_1_202' title='bbox 992 2775 1052 2845; x_wconf 82' lang='lat' dir='ltr'>iiie,</span> <span class='ocrx_word' id='word_1_203' title='bbox 1080 2776 1131 2849; x_wconf 76' lang='lat' dir='ltr'>qai</span> <span class='ocrx_word' id='word_1_204' title='bbox 1159 2792 1219 2835; x_wconf 77' lang='lat' dir='ltr'>ecee</span> 
     </span>
     <span class='ocr_line' id='line_1_24' title="bbox 121 2881 1219 2959; baseline 0.002 -17"><span class='ocrx_word' id='word_1_205' title='bbox 121 2881 232 2952; x_wconf 74' lang='lat' dir='ltr'>debead,</span> <span class='ocrx_word' id='word_1_206' title='bbox 253 2882 306 2954; x_wconf 83' lang='lat' dir='ltr'>iia,</span> <span class='ocrx_word' id='word_1_207' title='bbox 329 2885 447 2954; x_wconf 70' lang='lat' dir='ltr'>apteras</span> <span class='ocrx_word' id='word_1_208' title='bbox 461 2882 564 2956; x_wconf 68' lang='lat' dir='ltr'>linoae</span> <span class='ocrx_word' id='word_1_209' title='bbox 579 2883 738 2957; x_wconf 77' lang='lat' dir='ltr'>palatoque</span> <span class='ocrx_word' id='word_1_210' title='bbox 759 2887 802 2942; x_wconf 86' lang='lat' dir='ltr'>est</span> <span class='ocrx_word' id='word_1_211' title='bbox 820 2884 861 2942; x_wconf 88' lang='lat' dir='ltr'>ad</span> <span class='ocrx_word' id='word_1_212' title='bbox 882 2883 1024 2944; x_wconf 77' lang='lat' dir='ltr'>eiemaodi</span> <span class='ocrx_word' id='word_1_213' title='bbox 1043 2888 1171 2959; x_wconf 71' lang='lat' dir='ltr'>aestum,</span> <span class='ocrx_word' id='word_1_214' title='bbox 1186 2889 1219 2944; x_wconf 82' lang='lat' dir='ltr'>ui</span> 
     </span>
     <span class='ocr_line' id='line_1_25' title="bbox 122 2986 1214 3069; baseline 0.005 -21"><span class='ocrx_word' id='word_1_215' title='bbox 122 2989 237 3049; x_wconf 78' lang='lat' dir='ltr'>meilis</span> <span class='ocrx_word' id='word_1_216' title='bbox 256 3007 416 3063; x_wconf 81' lang='lat' dir='ltr'>soporem</span> <span class='ocrx_word' id='word_1_217' title='bbox 436 2993 547 3064; x_wconf 78' lang='lat' dir='ltr'>capiat,</span> <span class='ocrx_word' id='word_1_218' title='bbox 574 2996 638 3051; x_wconf 80' lang='lat' dir='ltr'>oet</span> <span class='ocrx_word' id='word_1_219' title='bbox 664 2991 825 3063; x_wconf 76' lang='lat' dir='ltr'>offendetur</span> <span class='ocrx_word' id='word_1_220' title='bbox 854 2986 888 3069; x_wconf 86' lang='lat' dir='ltr'>(i.</span> <span class='ocrx_word' id='word_1_221' title='bbox 913 3005 953 3052; x_wconf 57' lang='lat' dir='ltr'>eu</span> <span class='ocrx_word' id='word_1_222' title='bbox 966 2987 1062 3053; x_wconf 68' lang='lat' dir='ltr'>stira</span> <span class='ocrx_word' id='word_1_223' title='bbox 1084 2993 1214 3069; x_wconf 77' lang='lat' dir='ltr'>aptatus</span> 
     </span>
     <span class='ocr_line' id='line_1_26' title="bbox 123 3092 1218 3175; baseline 0.003 -17"><span class='ocrx_word' id='word_1_224' title='bbox 123 3109 187 3158; x_wconf 91' lang='lat' dir='ltr'>uon</span> <span class='ocrx_word' id='word_1_225' title='bbox 210 3097 283 3170; x_wconf 87' lang='lat' dir='ltr'>est).</span> <span class='ocrx_word' id='word_1_226' title='bbox 326 3093 407 3158; x_wconf 85' lang='lat' dir='ltr'>Nem</span> <span class='ocrx_word' id='word_1_227' title='bbox 430 3093 462 3158; x_wconf 91' lang='lat' dir='ltr'>in</span> <span class='ocrx_word' id='word_1_228' title='bbox 477 3092 579 3159; x_wconf 89' lang='lat' dir='ltr'>verbis</span> <span class='ocrx_word' id='word_1_229' title='bbox 600 3100 650 3159; x_wconf 81' lang='lat' dir='ltr'>ille</span> <span class='ocrx_word' id='word_1_230' title='bbox 672 3102 742 3161; x_wconf 78' lang='lat' dir='ltr'>talio</span> <span class='ocrx_word' id='word_1_231' title='bbox 761 3118 854 3175; x_wconf 78' lang='lat' dir='ltr'>sapor</span> <span class='ocrx_word' id='word_1_232' title='bbox 873 3093 1005 3174; x_wconf 89' lang='lat' dir='ltr'>offendo,</span> <span class='ocrx_word' id='word_1_233' title='bbox 1028 3113 1099 3160; x_wconf 92' lang='lat' dir='ltr'>cum</span> <span class='ocrx_word' id='word_1_234' title='bbox 1121 3093 1218 3161; x_wconf 89' lang='lat' dir='ltr'>uuum</span> 
     </span>
    </p>
   </div>
   <div class='ocr_carea' id='block_1_7' title="bbox 123 3200 1348 3287">
    <p class='ocr_par' dir='ltr' id='par_1_7' title="bbox 123 3200 1348 3287">
     <span class='ocr_line' id='line_1_27' title="bbox 123 3200 1348 3287; baseline -0.002 -22"><span class='ocrx_word' id='word_1_235' title='bbox 123 3200 174 3265; x_wconf 84' lang='lat' dir='ltr'>rel</span> <span class='ocrx_word' id='word_1_236' title='bbox 193 3207 244 3267; x_wconf 73' lang='lat' dir='ltr'>ilie</span> <span class='ocrx_word' id='word_1_237' title='bbox 266 3201 314 3266; x_wconf 86' lang='lat' dir='ltr'>vei</span> <span class='ocrx_word' id='word_1_238' title='bbox 344 3209 414 3267; x_wconf 68' lang='lat' dir='ltr'>rebe</span> <span class='ocrx_word' id='word_1_239' title='bbox 433 3200 623 3284; x_wconf 85' lang='lat' dir='ltr'>suffecisset;</span> <span class='ocrx_word' id='word_1_240' title='bbox 650 3201 773 3271; x_wconf 87' lang='lat' dir='ltr'>iecilius</span> <span class='ocrx_word' id='word_1_241' title='bbox 798 3210 965 3286; x_wconf 82' lang='lat' dir='ltr'>praeterea</span> <span class='ocrx_word' id='word_1_242' title='bbox 991 3222 1086 3284; x_wconf 87' lang='lat' dir='ltr'>quem</span> <span class='ocrx_word' id='word_1_243' title='bbox 1118 3205 1218 3287; x_wconf 92' lang='lat' dir='ltr'>primo</span> <span class='ocrx_word' id='word_1_244' title='bbox 1275 3242 1279 3248; x_wconf 87' lang='lat'><em>·</em></span> <span class='ocrx_word' id='word_1_245' title='bbox 1347 3260 1348 3263; x_wconf 74' lang='grc'>,</span> 
     </span>
    </p>
   </div>
   <div class='ocr_carea' id='block_1_8' title="bbox 122 3308 1318 4372">
    <p class='ocr_par' dir='ltr' id='par_1_8' title="bbox 122 3308 1219 3593">
     <span class='ocr_line' id='line_1_28' title="bbox 123 3308 1219 3395; baseline 0.001 -20"><span class='ocrx_word' id='word_1_246' title='bbox 123 3308 274 3390; x_wconf 80' lang='lat' dir='ltr'>adspectu</span> <span class='ocrx_word' id='word_1_247' title='bbox 294 3310 429 3391; x_wconf 85' lang='lat' dir='ltr'>videtur,</span> <span class='ocrx_word' id='word_1_248' title='bbox 444 3317 495 3377; x_wconf 78' lang='lat' dir='ltr'>iile</span> <span class='ocrx_word' id='word_1_249' title='bbox 515 3319 586 3378; x_wconf 78' lang='lat' dir='ltr'>talis</span> <span class='ocrx_word' id='word_1_250' title='bbox 606 3312 758 3395; x_wconf 82' lang='lat' dir='ltr'>originem</span> <span class='ocrx_word' id='word_1_251' title='bbox 780 3331 820 3379; x_wconf 86' lang='lat' dir='ltr'>ex</span> <span class='ocrx_word' id='word_1_252' title='bbox 839 3318 934 3378; x_wconf 71' lang='lat' dir='ltr'>meiito</span> <span class='ocrx_word' id='word_1_253' title='bbox 952 3313 1062 3391; x_wconf 73' lang='lat' dir='ltr'>traxit</span> <span class='ocrx_word' id='word_1_254' title='bbox 1085 3311 1219 3394; x_wconf 90' lang='lat' dir='ltr'>denique</span> 
     </span>
     <span class='ocr_line' id='line_1_29' title="bbox 122 3415 1219 3504; baseline 0.001 -20"><span class='ocrx_word' id='word_1_255' title='bbox 122 3427 175 3484; x_wconf 75' lang='lat' dir='ltr'>aee</span> <span class='ocrx_word' id='word_1_256' title='bbox 205 3415 299 3484; x_wconf 87' lang='lat' dir='ltr'>iecile</span> <span class='ocrx_word' id='word_1_257' title='bbox 328 3425 401 3502; x_wconf 91' lang='lat' dir='ltr'>post</span> <span class='ocrx_word' id='word_1_258' title='bbox 432 3430 532 3501; x_wconf 75' lang='lat' dir='ltr'>capnt</span> <span class='ocrx_word' id='word_1_259' title='bbox 564 3421 753 3488; x_wconf 89' lang='lat' dir='ltr'>intercidere</span> <span class='ocrx_word' id='word_1_260' title='bbox 782 3423 924 3504; x_wconf 87' lang='lat' dir='ltr'>potuisse</span> <span class='ocrx_word' id='word_1_261' title='bbox 960 3437 1022 3486; x_wconf 91' lang='lat' dir='ltr'>uon</span> <span class='ocrx_word' id='word_1_262' title='bbox 1053 3426 1103 3486; x_wconf 88' lang='lat' dir='ltr'>est</span> <span class='ocrx_word' id='word_1_263' title='bbox 1135 3421 1219 3502; x_wconf 92' lang='lat' dir='ltr'>quod</span> 
     </span>
     <span class='ocr_line' id='line_1_30' title="bbox 122 3526 265 3593; baseline 0.007 -1"><span class='ocrx_word' id='word_1_264' title='bbox 122 3526 265 3593; x_wconf 83' lang='lat' dir='ltr'>ediciam.</span> 
     </span>
    </p>

    <p class='ocr_par' dir='ltr' id='par_1_9' title="bbox 123 3634 1318 4372">
     <span class='ocr_line' id='line_1_31' title="bbox 222 3634 1221 3720; baseline 0.001 -18"><span class='ocrx_word' id='word_1_265' title='bbox 222 3634 284 3702; x_wconf 87' lang='lat' dir='ltr'>Sed</span> <span class='ocrx_word' id='word_1_266' title='bbox 313 3641 351 3702; x_wconf 90' lang='lat' dir='ltr'>ut</span> <span class='ocrx_word' id='word_1_267' title='bbox 377 3636 418 3702; x_wconf 89' lang='lat' dir='ltr'>od</span> <span class='ocrx_word' id='word_1_268' title='bbox 444 3637 475 3703; x_wconf 92' lang='lat' dir='ltr'>id</span> <span class='ocrx_word' id='word_1_269' title='bbox 503 3636 587 3704; x_wconf 91' lang='lat' dir='ltr'>unde</span> <span class='ocrx_word' id='word_1_270' title='bbox 617 3638 747 3720; x_wconf 82' lang='lat' dir='ltr'>digressi</span> <span class='ocrx_word' id='word_1_271' title='bbox 773 3658 884 3706; x_wconf 87' lang='lat' dir='ltr'>sumus</span> <span class='ocrx_word' id='word_1_272' title='bbox 912 3641 1119 3718; x_wconf 85' lang='lat' dir='ltr'>revertamur,</span> <span class='ocrx_word' id='word_1_273' title='bbox 1147 3638 1221 3704; x_wconf 89' lang='lat' dir='ltr'>huic</span> 
     </span>
     <span class='ocr_line' id='line_1_32' title="bbox 124 3743 1220 3832; baseline 0.003 -25"><span class='ocrx_word' id='word_1_274' title='bbox 124 3743 233 3825; x_wconf 82' lang='lat' dir='ltr'>generi</span> <span class='ocrx_word' id='word_1_275' title='bbox 259 3760 298 3808; x_wconf 94' lang='lat' dir='ltr'>ee</span> <span class='ocrx_word' id='word_1_276' title='bbox 325 3759 452 3823; x_wconf 88' lang='lat' dir='ltr'>qnoque</span> <span class='ocrx_word' id='word_1_277' title='bbox 478 3744 624 3825; x_wconf 82' lang='lat' dir='ltr'>exempla</span> <span class='ocrx_word' id='word_1_278' title='bbox 651 3745 858 3812; x_wconf 74' lang='lat' dir='ltr'>adscribenda</span> <span class='ocrx_word' id='word_1_279' title='bbox 879 3747 1026 3813; x_wconf 87' lang='lat' dir='ltr'>videntur</span> <span class='ocrx_word' id='word_1_280' title='bbox 1054 3746 1085 3809; x_wconf 92' lang='lat' dir='ltr'>iu</span> <span class='ocrx_word' id='word_1_281' title='bbox 1108 3747 1220 3832; x_wconf 84' lang='lat' dir='ltr'>qrribus</span> 
     </span>
     <span class='ocr_line' id='line_1_33' title="bbox 123 3835 1318 3943; baseline 0.003 -27"><span class='ocrx_word' id='word_1_282' title='bbox 123 3850 260 3917; x_wconf 81' lang='lat' dir='ltr'>alterum</span> <span class='ocrx_word' id='word_1_283' title='bbox 293 3850 481 3917; x_wconf 82' lang='lat' dir='ltr'>vocobulum</span> <span class='ocrx_word' id='word_1_284' title='bbox 513 3853 651 3933; x_wconf 89' lang='lat' dir='ltr'>priorem</span> <span class='ocrx_word' id='word_1_285' title='bbox 679 3835 839 3920; x_wconf 86' lang='lat' dir='ltr'>notionem</span> <span class='ocrx_word' id='word_1_286' title='bbox 870 3873 929 3920; x_wconf 91' lang='lat' dir='ltr'>non</span> <span class='ocrx_word' id='word_1_287' title='bbox 962 3856 1064 3943; x_wconf 84' lang='lat' dir='ltr'>solum</span> <span class='ocrx_word' id='word_1_288' title='bbox 1094 3853 1219 3935; x_wconf 88' lang='lat' dir='ltr'>repetit,</span> <span class='ocrx_word' id='word_1_289' title='bbox 1315 3858 1318 3867; x_wconf 79' lang='lat'><em>&#39;</em></span> 
     </span>
     <span class='ocr_line' id='line_1_34' title="bbox 124 3959 1220 4044; baseline 0.001 -19"><span class='ocrx_word' id='word_1_290' title='bbox 124 3977 233 4027; x_wconf 88' lang='lat' dir='ltr'>verum</span> <span class='ocrx_word' id='word_1_291' title='bbox 257 3960 352 4026; x_wconf 86' lang='lat' dir='ltr'>etiem</span> <span class='ocrx_word' id='word_1_292' title='bbox 374 3959 547 4044; x_wconf 81' lang='lat' dir='ltr'>amplificet</span> <span class='ocrx_word' id='word_1_293' title='bbox 567 3969 599 4029; x_wconf 88' lang='lat' dir='ltr'>et</span> <span class='ocrx_word' id='word_1_294' title='bbox 621 3964 745 4041; x_wconf 80' lang='lat' dir='ltr'>dilatet,</span> <span class='ocrx_word' id='word_1_295' title='bbox 772 3964 926 4044; x_wconf 84' lang='lat' dir='ltr'>quemad</span> <span class='ocrx_word' id='word_1_296' title='bbox 948 3964 1075 4029; x_wconf 92' lang='lat' dir='ltr'>modum</span> <span class='ocrx_word' id='word_1_297' title='bbox 1096 3980 1220 4043; x_wconf 90' lang='lat' dir='ltr'>compe·</span> 
     </span>
     <span class='ocr_line' id='line_1_35' title="bbox 124 4065 1220 4153; baseline 0.003 -21"><span class='ocrx_word' id='word_1_298' title='bbox 124 4069 186 4136; x_wconf 81' lang='lat' dir='ltr'>reu</span> <span class='ocrx_word' id='word_1_299' title='bbox 207 4075 281 4137; x_wconf 83' lang='lat' dir='ltr'>eunt</span> <span class='ocrx_word' id='word_1_300' title='bbox 302 4069 363 4135; x_wconf 84' lang='lat' dir='ltr'>ioci</span> <span class='ocrx_word' id='word_1_301' title='bbox 383 4069 416 4135; x_wconf 93' lang='lat' dir='ltr'>hi</span> <span class='ocrx_word' id='word_1_302' title='bbox 437 4069 538 4138; x_wconf 80' lang='lat' dir='ltr'>etii&#39;cm</span> <span class='ocrx_word' id='word_1_303' title='bbox 564 4094 595 4138; x_wconf 82' lang='lat' dir='ltr'>ee</span> <span class='ocrx_word' id='word_1_304' title='bbox 616 4078 730 4150; x_wconf 79' lang='lat' dir='ltr'>efficere</span> <span class='ocrx_word' id='word_1_305' title='bbox 758 4079 869 4139; x_wconf 82' lang='lat' dir='ltr'>cicibae</span> <span class='ocrx_word' id='word_1_306' title='bbox 887 4065 1088 4153; x_wconf 77' lang='lat' dir='ltr'>mortalibueq.</span> <span class='ocrx_word' id='word_1_307' title='bbox 1111 4072 1151 4137; x_wconf 91' lang='lat' dir='ltr'>di.</span> <span class='ocrx_word' id='word_1_308' title='bbox 1175 4071 1220 4136; x_wconf 90' lang='lat' dir='ltr'>IX</span> 
     </span>
     <span class='ocr_line' id='line_1_36' title="bbox 124 4179 1220 4264; baseline 0.002 -22"><span class='ocrx_word' id='word_1_309' title='bbox 124 4179 156 4260; x_wconf 85' lang='lat'>3,·</span> <span class='ocrx_word' id='word_1_310' title='bbox 178 4179 206 4245; x_wconf 94' lang='lat'>1.</span> <span class='ocrx_word' id='word_1_311' title='bbox 249 4186 363 4246; x_wconf 62' lang='lat' dir='ltr'>mmm</span> <span class='ocrx_word' id='word_1_312' title='bbox 376 4187 574 4262; x_wconf 66' lang='lat' dir='ltr'>menaliumq</span> <span class='ocrx_word' id='word_1_313' title='bbox 596 4189 721 4264; x_wconf 73' lang='lat' dir='ltr'>irrepetee</span> <span class='ocrx_word' id='word_1_314' title='bbox 733 4191 829 4249; x_wconf 79' lang='lat' dir='ltr'>caeeis</span> <span class='ocrx_word' id='word_1_315' title='bbox 849 4191 996 4249; x_wconf 77' lang='lat' dir='ltr'>coercetur</span> <span class='ocrx_word' id='word_1_316' title='bbox 1013 4181 1056 4247; x_wconf 91' lang='lat' dir='ltr'>di.</span> <span class='ocrx_word' id='word_1_317' title='bbox 1078 4179 1124 4245; x_wconf 88' lang='lat' dir='ltr'>IX</span> <span class='ocrx_word' id='word_1_318' title='bbox 1145 4181 1173 4257; x_wconf 90' lang='lat'>3,</span> <span class='ocrx_word' id='word_1_319' title='bbox 1190 4181 1220 4244; x_wconf 85' lang='lat'>2.</span> 
     </span>
     <span class='ocr_line' id='line_1_37' title="bbox 124 4289 1218 4372; baseline 0.001 -18"><span class='ocrx_word' id='word_1_320' title='bbox 124 4293 215 4354; x_wconf 62' lang='lat' dir='ltr'>edua</span> <span class='ocrx_word' id='word_1_321' title='bbox 235 4293 384 4354; x_wconf 75' lang='lat' dir='ltr'>interdum</span> <span class='ocrx_word' id='word_1_322' title='bbox 401 4297 609 4372; x_wconf 70' lang='lat' dir='ltr'>calamitatem.</span> <span class='ocrx_word' id='word_1_323' title='bbox 632 4298 665 4355; x_wconf 85' lang='lat' dir='ltr'>ia</span> <span class='ocrx_word' id='word_1_324' title='bbox 684 4297 845 4359; x_wconf 81' lang='lat' dir='ltr'>remedium</span> <span class='ocrx_word' id='word_1_325' title='bbox 867 4313 976 4357; x_wconf 79' lang='lat' dir='ltr'>cessere</span> <span class='ocrx_word' id='word_1_326' title='bbox 1002 4290 1042 4354; x_wconf 79' lang='lat' dir='ltr'>di.</span> <span class='ocrx_word' id='word_1_327' title='bbox 1070 4289 1114 4353; x_wconf 90' lang='lat' dir='ltr'>IX</span> <span class='ocrx_word' id='word_1_328' title='bbox 1136 4291 1165 4363; x_wconf 88' lang='grc'>9,</span> <span class='ocrx_word' id='word_1_329' title='bbox 1189 4291 1218 4356; x_wconf 89' lang='grc'>3,</span> 
     </span>
    </p>
   </div>
   <div class='ocr_carea' id='block_1_9' title="bbox 0 0 1381 4724">
    <p class='ocr_par' dir='ltr' id='par_1_10' title="bbox 0 0 1381 4724">
     <span class='ocr_line' id='line_1_38' title="bbox 0 0 1381 4724; baseline 0 0"><span class='ocrx_word' id='word_1_330' title='bbox 0 0 1381 4724; x_wconf 95' lang='lat' dir='ltr'> </span> 
     </span>
    </p>
   </div>
  </div>
 </body>
</html>
