2746 4724
666 280 705 352 17

210 484 431 556 teopopudqo
450 484 579 554 avla
598 487 622 540 9.
644 483 671 538 d.
690 485 716 537 b.
737 483 788 538 Vll
807 486 850 552 31,
868 485 894 537 4.
914 482 951 538 di.
970 483 1022 537 XII
1042 486 1067 546 7,
1088 485 1118 539 1.
1193 483 1240 539 do·

209 583 286 637 mino
303 583 432 651 ractaxq.
451 599 495 652 ep.
514 585 558 650 st,
584 584 627 638 32.
682 587 772 636 rector
794 581 944 651 donninuaq.
973 601 999 636 n.
1023 600 1047 651 q.
1072 580 1124 636 Vll
1147 583 1190 648 25,
1215 581 1240 636 2.

84 750 88 756 ι
207 685 335 735 rectorem
350 679 469 749 dnocmq.
487 697 514 735 n.
534 697 559 748 q.
578 679 618 735 llI
638 682 680 740 30,
701 681 725 733 8.
763 694 835 732 socon
853 695 961 748 rupcaq.
980 679 1017 732 di.
1037 678 1062 731 ll
1085 681 1108 740 l,
1128 681 1152 732 2.
1173 696 1200 732 n.
1214 695 1240 747 q.

210 776 233 828 ll
254 777 297 842 26,
317 779 340 830 5.
377 791 446 830 aomo
465 781 582 845 coateoq.
601 793 627 828 n.
647 791 675 842 q.
693 774 732 827 lll
753 776 795 838 12,
816 780 839 826 2.
899 776 1023 843 scopulos
1039 791 1144 844 rupeoq.
1166 794 1193 830 n.
1214 793 1240 844 q.

182 870 323 940 ·116‚t.
362 871 436 924 lusos
453 871 550 941 iomoaq.
568 871 605 924 di.
625 870 650 926 V
670 870 711 925 11.
731 871 756 924 2.
777 870 813 926 di.
835 871 877 924 IX
898 873 939 932 17,
958 873 983 925 d.
1037 871 1238 942 ludusiocuaq.

210 968 245 1022 di.
263 967 315 1023 Vll
336 969 377 1031 12,
398 969 424 1022 2.
497 968 585 1021 lusam
605 983 637 1022 oc
655 966 743 1021 iocum
761 983 804 1036 ep.
824 968 868 1030 95,
888 968 930 1021 33.

122 1113 126 1122 ·
241 1098 305 1165 Sed
321 1099 366 1164 ‘ab
395 1099 497 1165 altera
525 1118 649 1182 quoque
675 1103 767 1180 parte
798 1102 834 1163 ut
856 1098 1037 1181 exemplum
1064 1099 1238 1182 adferatur,

139 1216 184 1275 oio
213 1233 247 1274 oc
262 1217 397 1291 potestas
423 1208 540 1291 legitur
565 1206 605 1273 di.
630 1206 689 1272 Vll
711 1209 739 1284 8,
765 1209 794 1275 5.
817 1208 846 1274 d.
870 1207 896 1272 b.
919 1207 950 1271 ΙΙ
976 1208 1026 1291 34,
1049 1210 1078 1271 5.
1100 1226 1130 1273 n.
1154 1227 1183 1291 q.
1206 1210 1239 1274 ΙΙ

136 1317 187 1397 37,
210 1297 237 1381 2]
281 1317 368 1383 Haeo
388 1335 462 1382 vero
484 1317 579 1383 verba
606 1321 644 1381 ut
673 1334 729 1398 per
754 1340 788 1383 oo
816 1316 1049 1398 copularentur,
1080 1317 1238 1396 gravitate

138 1443 247 1489 eorum
263 1424 381 1489 sactum
395 1427 482 1504 puto,
504 1441 568 1505 quc
587 1423 626 1487 de
641 1442 676 1489 re
699 1424 730 1486 in
752 1422 815 1488 fine
827 1424 922 1488 huius
938 1424 1037 1506 partis
1053 1424 1236 1492 disseretur.

243 1551 384 1616 Tertium
408 1555 440 1615 et
460 1552 561 1630 magis
584 1551 678 1615 etiam
692 1555 843 1632 quartum
866 1568 966 1630 genus
988 1551 1178 1631 aprioribus
1200 1570 1237 1617 oo

141 1658 300 1738 differunt,
323 1660 408 1741 quod
430 1658 535 1724 laxius
564 1655 614 1724 est
635 1659 795 1724 vinculum
817 1676 880 1742 quo
906 1661 1052 1725 notiones
1072 1665 1239 1725 conectun-

138 1773 199 1835 tur.
243 1767 324 1833 Nam
347 1785 428 1849 quae
449 1767 584 1849 priorem
607 1769 750 1848 sequitur
777 1786 843 1835 rem
865 1787 916 1834 res
940 1769 1002 1834 alia
1026 1775 1074 1832 est
1098 1787 1241 1849 novaque

135 1877 268 1959 ideoque
292 1878 393 1941 minor
420 1878 518 1944 etiam
546 1883 596 1945 est
622 1876 758 1944 facultas
789 1877 984 1944 adhibendae
1013 1901 1079 1958 que.
1133 1883 1239 1959 Atque

136 2005 209 2052 cum
230 1988 326 2068 plone
348 1987 427 2051 haec
448 1987 492 2051 sit
515 1988 656 2052 ratioet
682 1985 852 2053 manifesta
877 1987 907 2051 in
930 1995 1089 2069 postremo
1113 2006 1238 2070 genere,

138 2097 266 2161 silentio
288 2095 319 2159 id
347 2095 484 2161 transire
513 2096 696 2176 poterimus.
750 2095 894 2161 Tertium
924 2115 998 2160 vero
1031 2115 1131 2176 genus
1157 2101 1240 2162 tam·

137 2223 234 2286 quam
256 2206 289 2269 in
310 2203 445 2270 confinio
468 2207 631 2284 utriusque
652 2210 685 2269 et
698 2205 893 2270 diversarum
916 2209 949 2269 et
964 2206 1114 2271 similium
1137 2207 1237 2271 notio·

136 2333 212 2381 num
233 2315 357 2396 generis
378 2315 518 2396 positum
540 2332 643 2395 pauca
664 2315 761 2380 verba
775 2315 985 2397 exemploque
1008 2315 1175 2392 desiderat,
1201 2320 1238 2382 nt

140 2423 433 2503 pauloaccuratius
454 2422 632 2502 definiatur,
658 2405 732 2505 qu'id
753 2423 830 2488 illud
855 2424 895 2488 sit
909 2425 992 2507 quod
1009 2426 1049 2489 ad
1071 2432 1241 2505 utramque

145 2531 297 2609 notionem
321 2534 479 2614 pertineat
508 2534 665 2613 simulque
695 2539 731 2598 ut
751 2554 769 2598 e
792 2551 944 2599 consensu
975 2535 1114 2616 plurium
1146 2535 1239 2598 huius

141 2658 263 2724 quoque
292 2651 387 2708 notae
413 2643 552 2709 locorum
580 2662 637 2725 per
664 2667 719 2723 que
745 2644 890 2723 coniungi
920 2644 1023 2708 solere
1052 2663 1102 2708 res
1131 2622 1238 2724 aliquo

103 2746 107 2753 '
142 2750 233 2817 modo
257 2754 340 2818 inter
362 2770 396 2816 se
417 2756 569 2833 cognatas
591 2752 804 2834 intellegatur.

239 2877 285 2942 Ao
306 2879 441 2959 primum
468 2877 594 2957 quidem
624 2878 767 2959 exemplo
798 2895 895 2957 supra
924 2878 1059 2943 indicato
1088 2886 1154 2944 ursi
1182 2886 1237 2944 teo·

137 3008 220 3065 amq,
239 2985 280 3051 di.
297 2987 321 3050 V
338 2988 424 3065 tul
447 2987 603 3053 accedunt
622 2987 713 3052 haec:
735 2987 765 3051 d.
789 2987 827 3051 cl.
853 2985 868 3049 l
890 2988 938 3062 26,
963 2989 991 3052 3.
1012 2988 1053 3052 di.
1077 2987 1121 3051 tv
1135 2989 1186 3067 31,
1205 2990 1236 3053 6.

138 3101 304 3176 praeterea
334 3103 479 3176 elephanti
504 3104 627 3176 lconcaq.
652 3096 682 3162 d.
704 3097 743 3160 cl.
774 3096 789 3160 I
821 3099 850 3174 5,
870 3099 898 3160 5.
926 3103 1018 3177 iipres
1038 3103 1159 3176 loonocq.
1184 3116 1231 3180 ep.

138 3206 189 3285 85,
212 3207 242 3270 8.
264 3211 376 3271 lcoomn
403 3213 569 3286 luporumq.
596 3213 659 3270 rita
680 3205 720 3270 di.
751 3205 794 3269 IV
816 3205 864 3283 15,
891 3206 921 3268 4.
943 3227 1042 3270 mares
1068 3211 1238 3284 formicaeq.

137 3313 179 3379 di.
202 3314 246 3379 IV
268 3316 317 3392 34,
339 3316 367 3398 1,
390 3315 505 3396 quibus
528 3314 604 3380 locis
626 3313 770 3380 omnibus
792 3313 832 3376 ad
854 3313 1085 3380 inlustrandam
1112 3318 1240 3379 senten-

137 3423 214 3488 tiam
242 3441 331 3489 suam
358 3424 459 3489 simile
485 3423 642 3505 quoddam
670 3424 837 3504 proposuit
864 3423 998 3504 scriptor
1026 3431 1187 3504 sumptum
1222 3441 1239 3486 e

138 3537 254 3599 natura
273 3531 467 3599 animalium.
522 3535 627 3615 Atque
656 3550 780 3599 summa
800 3531 1020 3612 disputationis
1046 3533 1181 3596 vertitur
1206 3533 1238 3596 in

137 3642 208 3721 ipsa
236 3641 418 3708 animalium
441 3641 606 3718 mentione,
629 3658 711 3722 qnae
737 3642 800 3705 sint
825 3640 954 3705 nomina
977 3658 1084 3705 eorum
1110 3642 1240 3705 minoris

139 3755 190 3815 eat
210 3751 371 3816 momenti.
414 3749 509 3816 Vides
528 3767 603 3832 ergo
614 3750 707 3832 quale
729 3751 771 3814 sit
783 3747 1047 3815 discrimen'iuter
1066 3748 1136 3814 illos
1152 3750 1237 3815 locos

139 3863 173 3924 et
200 3876 250 3940 ep.
272 3859 322 3937 90,
348 3861 387 3923 16
416 3866 508 3941 tarpio
530 3865 662 3938 vulpium
690 3865 827 3923 indultam
859 3881 893 3923 oc
921 3881 1052 3937 murum,
1082 3859 1133 3922 ubi
1162 3860 1233 3924 sim·

137 3967 253 4048 plicem
275 3968 373 4035 habes
395 3969 677 4036 enumerationem.
722 3971 765 4032 nt
785 3984 843 4047 per
864 3990 900 4032 oc
920 3984 960 4031 ex
984 3968 1136 4032 memoria
1157 3969 1235 4033 duo-

138 4094 208 4142 rum
229 4079 379 4146 universa
399 4079 583 4144 animalium
605 4078 691 4142 notio
714 4077 916 4141 constituitur
939 4094 987 4156 ep.
1013 4076 1061 4154 19,
1086 4078 1123 4140 11
1146 4085 1237 4142 msce-

136 4194 215 4251 rodo
246 4195 338 4253 leonia
358 4211 392 4252 oc
413 4194 476 4266 bapt
497 4192 530 4251 et
552 4186 582 4250 d.
605 4187 634 4251 b.
658 4185 703 4249 Ill
732 4186 780 4264 31,
806 4185 827 4262 4
847 4207 1018 4251 mascarum
1040 4209 1075 4249 uc
1095 4194 1235 4250 ocrmirnn

137 4302 250 4364 bonum.
295 4297 412 4362 Eodem
435 4299 525 4362 modo
545 4298 679 4362 maiores
694 4295 905 4376 prognatiqnn
927 4295 1147 4360 describuntur
1170 4320 1236 4360 nuo-

1021 4434 1044 4480 ³).
