2746 4724
678 257 699 325 4

244 457 313 523 Iam
344 448 385 523 ad
418 456 558 540 singulos
589 456 674 523 locos
701 455 881 524 indicandos
901 461 1110 524 transeamus.
1154 458 1244 522 Ante-

145 566 325 647 gutturales
352 563 450 631 habea
480 588 515 631 ec
536 585 565 631 n.
591 583 620 646 q.
633 564 676 630 VI
698 566 759 644 7,3
779 573 883 652 deuter
903 589 937 632 ce
956 574 1050 647 quiete
1068 573 1181 647 beat,
1204 569 1237 631 ct

144 694 173 742 n.
197 693 227 757 q.
249 676 264 740 I
286 693 333 757 pr.
359 675 396 739 11
419 681 447 740 a·
469 674 525 754 (se.
548 673 684 758 animus)
706 681 858 754 meditus
884 682 1011 757 aevoque
1031 697 1066 742 ae
1087 684 1237 741 antaeus

146 794 259 852 audire
282 793 408 852 emicuit.
451 783 596 850 Alterum
615 784 792 865 particulae
812 809 849 850 ac
869 790 944 851 ante
966 785 1116 867 epositab
1132 802 1237 849 exem·

144 894 232 979 plum
254 893 356 970 fertur
376 893 503 975 quidam
525 892 557 959 in
579 892 777 974 editionibus,
800 891 964 961 ferendum
979 899 1087 960 tamon
1102 911 1164 959 non
1179 898 1237 977 cst,

144 1023 216 1072 oum
243 1004 354 1070 codicis
381 1004 572 1069 auctoritate
601 1021 665 1068 non
691 1003 869 1083 adiuvetur,
891 1003 932 1070 di.
944 1002 1020 1069 VIII
1041 1004 1101 1086 3,1
1123 1009 1238 1068 utinam

79 1157 88 1185 ι.
144 1122 260 1195 quidem
280 1121 341 1180 iem
353 1122 522 1179 dederentur
540 1120 637 1178 anaia
657 1121 685 1177 et
697 1117 1236 1193 inoperteaceoafeeeeceritceeecet.

146 1223 195 1288 Ea
232 1239 315 1303 qnae
350 1221 545 1305 praecedunt
580 1220 723 1289 sordibus
755 1224 973 1311 purgaverunt
994 1218 1172 1302 Madvigius
1204 1222 1238 1285 ct
1297 1238 1300 1249 ·

146 1331 310 1411 (beritius,
342 1331 373 1396 in
405 1330 454 1397 his
476 1329 725 1419 adquieverunt.
775 1312 836 1395 Sed
869 1329 1057 1395 adiectivum
1085 1336 1238 1408 capenae

144 1457 300 1521 nusquam
331 1444 452 1521 exstat,
486 1441 688 1522 quamobrem
722 1456 784 1504 non
815 1438 923 1505 dubito
956 1438 1093 1512 scribere
1124 1418 1238 1504 uiuam

145 1556 263 1630 quidem
283 1547 316 1615 ire
336 1559 439 1629 aperto
452 1547 592 1633 'confesse
612 1555 722 1615 ceritas
743 1557 824 1614 eceet.
837 1549 860 1630 ¹)

242 1660 310 1726 Iam
340 1659 366 1725 si
387 1657 531 1724 Fickerto
553 1658 723 1738 credimus,
752 1656 902 1723 Senecam
936 1680 971 1723 cc
998 1662 1073 1740 ante
1091 1639 1234 1723 ¹vocalem

135 1771 304 1855 scripsisse
326 1774 464 1836 testatur
483 1789 515 1835 n.
538 1769 611 1850 q.II
625 1769 677 1848 31,
702 1769 718 1833 1
743 1767 797 1834 ubi
819 1767 1006 1834 describitur
1019 1768 1163 1851 potentia
1178 1767 1237 1835 Iul-

145 1879 254 1960 miniS,
294 1896 358 1960 qua
397 1883 500 1944 uades
537 1885 661 1958 iateprr'e
687 1901 723 1943 ae
752 1883 874 1943 tuceta
901 1883 1044 1954 esuriatur
1074 1886 1234 1959 arpentum.

144 1988 232 2053 Nihil
263 1987 313 2053 hic
338 1987 476 2052 mutavIt
505 1985 669 2053 Fickertus
699 1986 853 2067 probante
874 1985 912 2052 H.
935 1983 968 2052 0.
990 1984 1152 2066 MiebaeA,
1184 1985 1236 2066 qui

146 2097 178 2161 iu
200 2095 314 2162 Philol.
337 2096 399 2162 vol.
421 2094 499 2160 VIII
520 2113 551 2177 p.
574 2095 636 2160 457
659 2093 812 2161 Haasiurn
835 2096 998 2177 increpans
1013 2091 1108 2160 verba
1131 2097 1238 2159 tenen·

33 2238 36 2250 ·
143 2192 307 2283 dedicit,
340 2204 456 2286 quippe
489 2220 571 2284 qnae
602 2203 727 2269 diversa
761 2201 938 2289 significant
971 2207 1004 2269 et
1024 2202 1087 2267 vim
1117 2202 1239 2270 dicendi

144 2317 291 2396 augeant.
334 2312 399 2380 Nec
431 2312 645 2378 diversitatem
678 2330 736 2395 ego
765 2312 893 2393 quidem
915 2310 1003 2377 video
1025 2329 1082 2376 nec
1103 2329 1157 2378 aur
1179 2309 1238 2376 hoe

145 2423 212 2489 loco
235 2424 282 2490 vis
317 2422 438 2488 dicendi
468 2420 642 2511 augeatur„
677 2421 785 2486 Immo·
811 2437 907 2501 quam
939 2418 1018 2487 bena
1044 2419 1238 2502 superfluum

144 2531 204 2599 hoc
234 2531 354 2598 librarii
377 2529 627 2596 additamentum
649 2528 736 2595 uncis
756 2528 915 2594 incluserit
936 2529 1081 2610 Haasius,
1104 2530 1238 2611 quisquc

146 2641 310 2730 Intelleget
331 2643 512 2723 comparato
534 2638 638 2720 capite
659 2639 711 2720 52,
732 2639 759 2717 1,
787 2655 856 2704 cum
877 2655 959 2720 quae
983 2637 1025 2704 ibi
1047 2637 1133 2703 dicta
1154 2642 1238 2717 sunt,

145 2752 206 2816 huc
227 2749 396 2832 respiciant
418 2754 521 2813 locatis
542 2753 642 2825 itaque
661 2753 793 2827 intepria
813 2755 845 2810 at
867 2751 940 2827 etet,
954 2753 1090 2826 pecunia,
1111 2769 1186 2826 quae
1207 2753 1240 2810 ia

143 2866 190 2926 beka
210 2864 273 2938 fuit
297 2863 423 2934 coaptate
441 2853 597 2935 reperitur.

248 2965 377 3034 Accedit
398 2965 437 3031 di.
450 2963 601 3045 vllam
624 2963 676 3027 ubi
698 2962 775 3046 quid
799 2963 943 3031 debonis
959 2963 1238 3046 externissepiens

144 3077 261 3144 iudicet
280 3075 457 3158 exponitur
472 3078 504 3138 et
523 3072 714 3139 inlustratur
735 3072 780 3137 ita
800 3096 860 3138 aea
880 3083 1038 3139 contemnet
1055 3095 1087 3139 ce
1108 3056 1237 3155 capiens,

133 3194 256 3253 etiamsi
281 3192 375 3266 fueret
395 3180 532 3248 minutiae
556 3190 702 3257 staturae,
734 3203 795 3247 esse
815 3191 911 3247 tumere
932 3204 963 3247 ce
979 3205 1135 3262 procerum
1154 3189 1237 3261 colet,

142 3305 169 3362 et
190 3302 276 3361 ecidit
296 3315 416 3373 corpore
437 3314 471 3356 cc
490 3296 598 3357 emese
619 3294 846 3366 conlocabit,
874 3296 962 3355 malet
981 3300 1078 3356 taenea
1099 3298 1156 3356 cidi
1177 3312 1238 3355 esse

142 3411 276 3484 corpore
300 3408 422 3483 robur..
445 3397 507 3465 Sed
537 3400 573 3464 ut
602 3399 747 3480 opposita
767 3401 851 3474 inter
871 3416 906 3465 se
926 3405 1001 3464 sunt
1023 3407 1159 3466 minume
1179 3402 1240 3465 cte·

151 3533 351 3547 *nun—n-

246 3625 268 3695 ¹)
287 3624 363 3694 Quae
381 3622 418 3678 di.
438 3621 490 3678 v11
511 3623 553 3688 13,
572 3622 588 3674 2
606 3623 636 3675 in
654 3621 748 3677 codice
765 3621 791 3675 A
810 3621 850 3677 ita
866 3623 1027 3681 scribuntur
1045 3623 1168 3695 inculpet
1184 3624 1240 3680 eilia

38 3748 43 3760 ·
145 3739 202 3778 uon
219 3721 314 3776 timide
331 3737 378 3776 aec
396 3720 508 3776 uocem
526 3719 688 3774 luxuriatur
707 3719 789 3774 etiam
806 3719 870 3775 eade
883 3726 977 3790 aperto
993 3720 1092 3792 cupite,
1117 3721 1192 3777 hunc
1210 3721 1239 3776 in

150 3819 263 3874 modurn
289 3817 435 3874 scribenda
459 3819 488 3872 et
511 3815 735 3887 interpungenda
757 3798 868 3873 cenarit¹
887 3816 1055 3888 Madvigius:
1073 3818 1241 3888 immorer,

144 3917 191 3973 ced
209 3917 334 3986 tecperto
353 3915 451 3986 capite,
468 3914 653 3984 compoeItum
672 3912 821 3985 iaepe'rtue,
840 3914 916 3986 quod
932 3915 1106 3971 iamveteres
1118 3913 1241 3969 editores

144 4013 333 4082 scripserunt,
361 4011 409 4065 illo
426 4010 533 4080 dialogi
551 4009 644 4066 octavi
660 4010 720 4066 loco
740 4009 854 4065 defendi
871 4014 958 4080 ratus,
976 4009 1050 4063 malo
1068 4013 1100 4063 at
1118 4007 1240 4065 videtur.

143 4109 244 4164 Melius
260 4109 305 4165 vel
331 4108 425 4178 potius
452 4123 550 4162 verum
576 4106 683 4178 iudico,
710 4107 785 4177 quod
804 4107 932 4162 Gertaius
951 4106 1098 4161 consulens
1116 4106 1240 4161 traditae

145 4208 304 4276 scripturae
332 4205 479 4276 proposuIt
506 4204 553 4259 aed
574 4205 631 4260 iam
648 4204 713 4260 inde
729 4209 823 4274 aperto
841 4204 938 4274 capa'te.
975 4203 1008 4261 ci.
1029 4201 1122 4257 studia
1139 4204 1240 4257 critica

143 4306 201 4360 eiua
219 4305 248 4358 in
270 4303 301 4360 L.
324 4304 430 4358 Annaei
448 4302 567 4358 Senecae
586 4286 711 4372 dialogos
730 4319 757 4371 p.
778 4302 836 4356 12&
949 4282 952 4287 ¹
