2746 4724
665 258 706 333 58
831 311 836 326 ,

145 472 189 532 ria
212 490 310 533 annes
329 472 406 532 idem
425 446 556 546 sequar.
594 469 636 533 At
656 464 803 534 adcurate
817 467 969 550 cogitanti
989 471 1023 533 et
1047 466 1238 534 adseveras

76 584 82 594 '
118 556 128 565 '¹
145 575 310 658 eloquendi
332 575 417 658 leges
451 595 486 642 se
516 575 725 658 adstringendi
756 583 1039 643 maioro'minoraoe
1070 574 1237 641 dicendum

141 688 220 750 erat.
266 684 410 752 Alterum
435 686 613 767 exemplum
636 686 773 768 praebeo
795 703 845 768 ep.
865 686 917 763 89,
941 686 979 750 15
997 695 1065 750 tuae
1085 707 1155 768 erqo
1174 691 1239 751 otto

141 815 260 859 concors
290 801 347 859 sido·
378 803 429 874 est,
456 801 507 859 adt
536 801 613 860 aotr'o
640 817 699 860 reor
725 801 858 860 dederit
881 801 1020 874 trqretom,
1051 801 1168 874 tapetes
1200 815 1238 859 ea

140 910 283 985 diqoitete
318 911 455 985 rotasque
484 910 529 969 rei
563 910 733 982 amaeam,
759 910 886 983 proinde
917 910 1058 969 reodssrrs
1083 909 1239 983 acriorque

138 1019 418 1094 mutilaatque
446 1021 488 1077 est
516 1019 586 1091 pert.
642 1012 746 1092 Atque
779 1012 920 1078 eiusdem
948 1011 1136 1078 condicionis
1162 1015 1240 1076 sunt

140 1127 295 1200 aequares
310 1129 490 1201 meroreque
501 1130 591 1200 prout
613 1122 652 1186 di.
678 1121 737 1194 11,
761 1122 790 1187 4.
818 1129 956 1187 remrssae
977 1127 1132 1201 elaraeque
1144 1129 1239 1200 prout

139 1249 169 1295 n.
191 1246 222 1311 q.
245 1231 276 1295 ΙΙ
297 1231 333 1311 6,
348 1231 377 1295 3.
398 1252 450 1296 uer
470 1237 629 1296 revoatto‘tur
649 1237 848 1310 imitaturque
864 1239 956 1310 prout
976 1248 1006 1297 n.
1028 1247 1058 1310 q.
1074 1231 1120 1296 IV
1140 1232 1170 1306 2,
1185 1231 1238 1295 23.

139 1338 210 1404 Huc
229 1338 388 1420 pertinere
419 1344 586 1421 praeterea
618 1340 745 1406 videtur
766 1340 808 1406 di.
840 1340 941 1422 1119,
965 1341 981 1405 1
1014 1356 1109 1421 quem
1129 1339 1235 1405 locum
1262 1384 1265 1390 «

140 1464 191 1513 me
212 1447 308 1514 invito
329 1448 431 1532 nuper
452 1449 587 1515 mutavit
609 1448 756 1516 Gertzius
777 1449 927 1532 Madvigii
949 1449 1077 1516 adiutus
1098 1447 1238 1516 oonsilio.

140 1556 245 1624 Verba
261 1556 398 1624 Senecae
420 1560 584 1625 sunthaee
604 1567 736 1639 quotiens
751 1567 851 1639 inpetu
872 1582 946 1638 opus
966 1569 1009 1624 est
1027 1582 1087 1624 reor
1095 1565 1239 1624 oasaror

31 1717 32 1720 ,
141 1665 279 1751 (uetus),
291 1674 343 1733 sed
364 1652 499 1752 erurqit
512 1678 541 1734 et
552 1677 585 1734 tre
604 1679 746 1748 quautam
765 1678 881 1749 puerit
904 1692 977 1748 opus
993 1691 1054 1735 esse
1074 1676 1239 1735 ematur

140 1783 366 1859 revertiturque,
378 1802 381 1807 ·
395 1800 455 1844 rore
473 1784 560 1845 utitor
580 1802 667 1859 qaam
688 1802 761 1860 quoe
781 1785 931 1844 tormentis
952 1786 1157 1858 mererentur
1179 1783 1241 1842 teta

140 1892 173 1950 r'rr
188 1894 329 1964 potestate
349 1895 491 1952 mitteretis
512 1898 581 1952 erret
601 1895 634 1953 tre
656 1897 799 1969 quautam
824 1897 1022 1968 torqueantur.
1075 1884 1238 1952 Obseenn·

140 1993 195 2060 des
216 1993 341 2075 quidem
364 1997 465 2078 primo
492 1996 646 2078 adspectu
668 1996 846 2063 sententiae
872 1995 990 2062 Gertzii
1015 1994 1162 2060 mirantis
1188 1993 1242 2060 hio

144 2103 183 2169 de
204 2104 388 2187 remissione
406 2104 533 2171 virtutis
545 2104 736 2172 mentionem
757 2105 833 2186 fieri,
856 2111 962 2172 tamen
984 2103 1164 2186 diligentius
1185 2122 1240 2169 ex-

143 2213 241 2279 cussis
269 2214 371 2280 verbis
400 2213 477 2279 nihil
498 2214 615 2295 inquo
640 2214 967 2281 offendasinveneris.
1019 2211 1102 2278 Nam
1129 2211 1241 2279 eodem

143 2317 234 2386 modo
256 2322 295 2386 de
316 2323 436 2389 maiore
457 2321 508 2389 vel
537 2323 658 2390 minore
679 2325 802 2405 impetu
825 2323 967 2406 quamvis
996 2341 1059 2389 non
1077 2316 1242 2403 ¹expressis

143 2431 248 2496 verbis
271 2432 390 2498 dietum
409 2437 459 2498 est
478 2433 510 2498 in
532 2432 626 2498 simili
646 2432 702 2497 iilo
725 2432 764 2497 de
785 2431 898 2499 iaculis
920 2436 1055 2512 sumpto,
1076 2448 1158 2510 quae
1180 2448 1241 2512 pro

84 2580 86 2585 ·
144 2539 274 2606 arbitrio
290 2541 399 2608 militis
414 2541 543 2607 remisse
563 2545 650 2606 torta
670 2542 702 2605 iu
723 2541 822 2606 vicino
841 2541 1000 2634 desidunt,
1023 2540 1126 2606 acrius
1141 2538 1242 2607 missa

22 2700 24 2705 ,
143 2654 268 2715 remota
280 2654 402 2733 petunt.
446 2650 554 2729 Ipsum
568 2650 681 2716 deinde
702 2650 833 2715 verbum
854 2647 1012 2715 aGerizio
1030 2647 1241 2715 substitutum

144 2766 317 2840 eodemque
350 2759 508 2843 displicet,
537 2759 621 2840 quod
647 2759 777 2843 languet
803 2762 876 2842 post
900 2765 1061 2825 equitator
1094 2761 1127 2823 et
1153 2756 1239 2837 quod
1343 2742 1348 2749 ’

144 2865 189 2932 ita
210 2864 311 2933 virilu
334 2852 450 2934 dicitur
471 2872 636 2949 tamquam
657 2885 773 2951 magno
793 2867 904 2934 labore
922 2883 1102 2951 exsurgere.

244 2976 362 3042 Eodem
393 2977 487 3042 modo
508 2976 665 3059 particula
686 2999 721 3042 ae
741 2981 897 3058 usurpata
922 2976 1040 3059 legitur
1064 2993 1094 3040 n.
1122 2993 1152 3057 q.
1179 2972 1241 3039 VII

147 3086 199 3166 23,
221 3087 347 3151 2ruirror
361 3093 437 3152 euim
445 3096 517 3152 esset
531 3075 572 3152 ¹uo
594 3093 689 3152 mutor
697 3095 790 3165 proed
802 3093 921 3166 pterrtos
942 3091 1072 3151 oderetur
1087 3107 1123 3151 ae
1135 3090 1240 3165 mutiq-

143 3199 213 3258 otos
230 3193 326 3275 ignis:
356 3217 392 3259 ae
412 3201 573 3276 motiqetos
597 3210 655 3260 nos
681 3213 699 3260 e
732 3191 884 3258 codieeE
915 3192 1106 3274 sumpsimus
1132 3190 1241 3259 invitis

144 3301 290 3369 Fickerto
316 3307 348 3368 et
378 3302 505 3382 Haasio,
528 3303 584 3385 qui
616 3321 686 3367 eum
718 3302 745 3366 B
777 3312 830 3367 aot
844 3308 1003 3383 metiendos
1034 3302 1240 3382 seripserunt.

144 3409 206 3477 Sed
227 3436 263 3478 ae
282 3412 365 3493 quod
387 3412 419 3477 in
444 3412 497 3477 iilo
520 3410 762 3495 comparationis
784 3410 924 3476 membro
944 3411 1011 3476 sine
1031 3409 1097 3476 ulla
1119 3407 1240 3476 offensa
1316 3434 1321 3461 ι·

143 3524 202 3599 est,
224 3539 280 3587 eur
301 3520 341 3586 ab
365 3520 424 3587 hoo
439 3503 645 3605 relegandum
666 3539 849 3588 censeamus
870 3538 932 3586 uon
948 3521 1047 3587 video.
1090 3518 1239 3617 Alterum

144 3635 251 3697 autem
273 3631 451 3713 exemplum
472 3649 535 3696 non
555 3632 680 3712 iegitur,
709 3632 837 3714 qualem
866 3649 948 3695 nune
975 3629 1100 3712 quidem
1119 3628 1152 3693 in
1173 3645 1240 3693 ma·

142 3739 234 3806 nibus
255 3740 409 3807 habemus
438 3741 614 3820 Annaeum,
648 3739 879 3806 restituendum
906 3756 980 3804 vero
1001 3739 1127 3805 videtur
1155 3755 1186 3802 n.
1208 3754 1239 3820 q.

144 3849 173 3914 V
195 3849 224 3927 8,
247 3850 276 3933 3,
298 3850 352 3928 qni
373 3849 460 3915 locus
487 3851 733 3930 interpretaturo
755 3854 788 3914 et
809 3846 1015 3914 emendaturo
1044 3846 1163 3912 multas
1184 3862 1241 3912 ex·

144 3955 232 4024 hibet
251 3956 469 4041 difficultates,
491 3976 573 4038 quae
592 3975 700 4023 omnes
721 3956 788 4021 iore
809 3961 846 4021 ut
870 3956 1080 4037 expediantur
1099 3954 1166 4022 iere
1187 3954 1241 4019 de·

144 4083 245 4146 spero.
296 4067 410 4147 Agitur
437 4084 513 4148 ergo
547 4065 606 4132 hoe
637 4067 706 4132 loeo
743 4065 782 4130 de
813 4065 932 4144 ventis,
965 4064 1020 4145 qui
1059 4081 1078 4126 a
1110 4061 1240 4130 Graecis

145 4168 313 4259 ἐγκόλπιαι
339 4180 500 4254 vocantur,
527 4175 580 4257 qui
608 4182 636 4240 se·
666 4180 851 4240 violentiores
871 4180 989 4250 terme,
1014 4180 1094 4239 eirea
1113 4178 1242 4239 saedere

130 4295 241 4354 rama
261 4292 337 4354 dm
356 4292 582 4368 reuoqooseoor
601 4306 789 4365 uerusquam
808 4284 867 4363 (sic
890 4283 927 4364 E,
947 4280 1126 4365 Bquaom)
1147 4302 1241 4364 usque
