2746 4724
648 224 706 341 ao

139 473 274 540 Fallitur
296 473 349 554 qui
371 474 530 540 inversum
554 476 786 555 esseordinem
808 477 854 541 ita
878 481 914 539 ut
938 476 1105 542 voxlatius
1125 480 1240 558 pateus

18 649 30 678 ⁸
136 585 272 666 priorem
284 589 393 649 teneat
403 583 519 664 sedem,
541 590 695 665 sequatur
717 586 802 650 notio
815 583 951 664 inferior,
974 584 1089 651 iudicet
1111 585 1191 648 dili
1207 585 1239 667 4,

101 698 110 718 “
138 693 158 754 4
186 699 237 771 poi
269 693 325 772 (st
355 692 533 775 Augustus)
560 701 723 759 hominebus
747 701 937 775 gentibusque
965 700 1115 771 fortunam
1141 701 1239 760 dabat.

139 799 310 866 Evaneacit
331 805 417 867 certe
438 808 510 869 tota
530 803 705 869 sententiae
727 804 784 882 vis,
805 803 831 868 si
846 809 1009 868 ουνυῖοῖδνο
1030 802 1070 868 de
1091 805 1160 868 toto
1181 803 1237 867 ho-

138 911 258 975 minum
273 928 388 991 genere
409 912 497 977 cuins
515 915 624 992 partes
647 914 832 993 simpectas,
855 910 975 977 dictum
988 917 1092 991 putes.
1135 911 1236 976 lmmo

110 1001 111 1004 ¹
138 1036 176 1083 eo
198 1024 247 1084 est
269 1019 433 1084 verborum
457 1021 621 1101 oppositio,
644 1026 680 1085 ut
702 1028 829 1086 δοονυνυυ
851 1021 915 1086 sint
930 1019 1056 1100 singuli,
1079 1020 1236 1102 aquibus
1318 1004 1325 1019 '

139 1127 363 1208 progrediatur
385 1128 486 1193 oratio
509 1128 548 1192 ad
572 1133 657 1194 totas
678 1129 820 1193 civitates
840 1146 923 1211 quac
942 1146 982 1192 ex
1004 1129 1155 1193 societate
1177 1129 1238 1191 sin·
1290 1121 1298 1128 ”

142 1237 287 1317 gulorum
308 1235 524 1302 conficiuntur.

235 1344 303 1411 Hoc
329 1345 398 1409 loco
426 1349 592 1424 praeterea
620 1362 676 1409 eae
698 1344 905 1410 nominandae
927 1342 1003 1409 mibi
1031 1349 1105 1408 suut
1125 1341 1236 1407 verbo-

138 1471 208 1518 rum
232 1453 474 1535 compositiones
496 1471 576 1533 quas
598 1454 718 1536 volgari
745 1459 778 1540 et
806 1454 890 1547 trito,
921 1452 977 1518 sed
1004 1453 1087 1516 inani
1111 1452 1237 1518 nomine

138 1556 173 1625 liv
195 1557 249 1626 διὰ
276 1562 368 1628 δυοῖν
389 1567 511 1628 vocant.
554 1559 635 1626 Nam
652 1561 709 1626 hoc
724 1580 836 1628 nomen
853 1562 879 1627 si
897 1561 1073 1645 adplicares
1087 1561 1133 1627 eis
1156 1578 1237 1626 com·

137 1666 344 1749 positionibus
373 1667 487 1746 quibus
519 1685 593 1733 vere
615 1668 778 1745 convenit
793 1668 887 1749 longe
910 1667 995 1732 aliud
1019 1669 1235 1749 exemplorum

137 1793 238 1857 genus
260 1792 297 1841 eo
326 1782 453 1841 notares
481 1794 576 1855 quam
604 1774 695 1856 volgo
717 1775 764 1840 ita
791 1776 894 1841 vocari
922 1776 1042 1842 volunt.
1090 1778 1235 1843 Revera

138 1886 222 1950 enim
243 1878 279 1949 ἓν
300 1883 336 1949 fit
358 1880 412 1948 διὰ
434 1883 528 1949 δυοῖν
549 1892 616 1949 tum
638 1889 773 1964 tantum,
803 1885 830 1950 si
856 1885 938 1950 duae
963 1903 1047 1967 quae
1069 1891 1233 1967 ponuntur

139 1995 283 2059 notiones
306 1994 400 2060 aliam
424 1996 583 2075 quandam
604 1995 680 2076 ipsis
695 1994 888 2077 superiorem
910 2012 950 2058 ex
971 2012 1005 2060 se
1027 1993 1171 2077 gignunt,
1196 2001 1243 2081 ut·

137 2112 218 2168 terro
239 2110 373 2183 marique
394 2104 508 2170 dicitur
529 2122 586 2184 pro
605 2111 711 2184 obtqua
728 2104 781 2189 ¹vel
802 2111 878 2169 diem
899 2113 1056 2168 eteoclem
1077 2121 1134 2184 pro
1162 2126 1236 2168 sem·

131 2233 197 2290 per,
231 2211 280 2278 vel
310 2219 388 2277 ottae
417 2219 552 2292 accisam
577 2222 750 2292 potestatem
780 2213 807 2277 si
835 2218 981 2290 infinitam
1011 2213 1233 2294 intellegimus.

137 2319 224 2385 Solet
257 2325 363 2387 autem
395 2320 479 2386 illius
511 2320 632 2402 figurae
663 2340 775 2387 nomen
808 2323 956 2403 usurpari
988 2322 1026 2388 de
1053 2323 1233 2387 notionibus

135 2429 259 2495 duabus
281 2448 363 2512 quae
385 2448 540 2509 exaequo
561 2436 731 2510 ponuntur,
754 2448 826 2494 cum
840 2431 941 2495 altera
954 2429 1046 2495 alteri
1060 2431 1236 2495 inhaereat.

138 2538 251 2621 Itaque
270 2549 391 2618 poterae
411 2550 437 2605 ct
455 2532 562 2606 coram
583 2541 690 2620 (verg.
715 2541 829 2620 Georg.
850 2539 881 2604 II
904 2540 977 2622 192)
1005 2534 1041 2604 ‘ab
1069 2534 1123 2604 διὰ
1143 2539 1236 2603 δυοῖν

136 2664 205 2713 esse
243 2648 452 2725 contendunt,
486 2649 560 2730 quia
592 2666 654 2713 non
693 2649 810 2714 dictam
839 2649 880 2714 sit
907 2672 1016 2714 ουννοο
1032 2659 1156 2727 paterae
1178 2650 1234 2715 sed

135 2759 238 2838 ipsum
260 2775 373 2822 aurum
406 2757 511 2838 quasi·
525 2757 588 2821 alia
616 2762 649 2821 et
678 2757 803 2822 diversa
832 2757 992 2838 apateris
1020 2774 1070 2821 res
1092 2756 1234 2822 additum

135 2867 186 2932 sit.
230 2865 313 2932 Sane
332 2860 374 2930 τὰ
395 2859 454 2929 δύο
476 2882 622 2946 agnosco,
645 2864 698 2929 ubi
718 2883 793 2931 vero
817 2864 894 2930 illud
923 2867 968 2930 sit
988 2860 1024 2930 δν
1044 2883 1106 2930 non
1129 2866 1234 2932 video.

136 2976 218 3041 Nam
250 2977 335 3058 quod
369 2994 407 3040 ex
437 2980 549 3057 patera
582 2978 614 3039 et
646 2993 723 3039 auro
755 2975 952 3057 componitur
974 2993 1038 3053 vas,
1066 2975 1139 3042 licet
1160 2993 1232 3041 con·

135 3090 244 3167 spectu
262 3103 362 3150 uuum
380 3084 430 3162 sit,
451 3088 558 3147 tamen
578 3084 605 3147 si
615 3081 750 3148 formam
764 3083 892 3163 respicis
913 3088 962 3146 est
971 3087 1093 3164 patera,
1115 3102 1231 3148 aurum

135 3194 162 3259 si
182 3195 356 3260 materiam.
399 3193 465 3258 Nos
485 3192 610 3275 quidem
625 3193 792 3257 remacule
805 3192 937 3257 dicimus
957 3184 1091 3273 ‘goldne
1106 3186 1235 3258 Schale'
1308 3192 1314 3213 ⁸

138 3304 231 3384 quod,
255 3321 325 3368 cum
338 3301 456 3366 maiore
485 3301 515 3365 vi
536 3309 703 3381 prematur
725 3317 839 3365 nomen
864 3284 1106 3378 substantirum,
1132 3301 1162 3364 id
1186 3308 1251 3386 est

136 3413 205 3495 ipsa
225 3431 285 3492 res,
306 3416 342 3477 at
356 3411 494 3492 qualitas
509 3409 553 3474 rei
576 3409 728 3474 adiectivo
750 3409 884 3485 nomine,
912 3408 942 3472 id
969 3415 1018 3476 est
1036 3408 1234 3491 dependente
1294 3458 1301 3469 ,

133 3518 368 3585 esdbstontivo
394 3517 558 3595 indicetur,
587 3515 731 3582 sensibus
765 3522 797 3581 et
819 3516 917 3582 oculis
939 3525 1050 3599 sponte
1071 3523 1108 3583 ut
1130 3538 1227 3585 unum

133 3629 297 3694 subicitur.
351 3626 412 3692 Sed
446 3631 534 3692 errat
566 3627 619 3705 qui
651 3626 794 3690 versione
827 3632 937 3691 nostra
958 3627 1052 3708 plene
1073 3621 1230 3693 redditam

133 3743 225 3819 putet
245 3738 309 3802 vim
341 3754 458 3802 vocum
477 3745 601 3815 paterae
622 3743 650 3799 et
671 3758 787 3801 aarum.
830 3733 916 3800 Nihil
930 3735 1025 3816 plane
1050 3735 1147 3802 refert
1169 3756 1232 3819 quo

135 3848 227 3912 modo
249 3864 306 3913 nos
327 3851 456 3912 nostrae
469 3845 597 3927 liuguae
618 3845 715 3910 verba
736 3844 900 3925 scriptoris
916 3846 1111 3912 mandemus.
1134 3846 1233 3912 lirra-

132 3958 178 4020 vit
201 3955 454 4039 igiturRotbius
477 3956 530 4035 qui
552 3956 583 4020 in
595 3955 702 4020 libello
724 3954 763 4018 de
784 3948 819 4018 ‘ab
841 3949 895 4018 διὰ
915 3954 1007 4019 δυοῖν
1028 3955 1131 4036 figura
1145 3957 1231 4037 apud

133 4065 278 4132 Tacitum
296 4065 468 4146 composito
483 4068 636 4145 quattuor
650 4063 743 4130 huius
758 4063 878 4143 figurae
894 4082 1010 4145 genera
1024 4064 1230 4131 discernenda

132 4195 201 4242 esse
224 4161 347 4241 statuit.
389 4174 475 4239 Nihil
497 4181 603 4240 autem
630 4182 779 4254 errasset,
813 4167 839 4238 si
861 4179 1014 4252 quattuor
1035 4172 1136 4238 modis
1157 4192 1227 4238 earn

132 4305 151 4350 a
172 4287 261 4352 nobis
280 4286 370 4352 reddi
392 4287 535 4352 dixisset.
578 4282 728 4348 Nostrum
745 4285 793 4348 est
813 4283 983 4349 aestimare
997 4303 1035 4350 ac
1051 4284 1228 4365 ponderare
