2746 4724
697 275 738 344 52

172 469 224 540 ani
245 471 345 553 rocus,
370 470 422 540 ubi
439 475 574 558 positum
597 482 647 543 est
667 476 924 561 qmaaoqfflss
939 479 968 559 8,
990 479 1010 541 6
1030 500 1090 543 aaa
1110 485 1152 542 eat
1172 482 1265 556 sarip-

173 591 293 648 tam...
320 593 354 648 at
374 584 711 666 quoadoqae‘rapta
732 596 818 667 optet,
839 603 896 651 nee
918 584 1097 651 laudandus
1118 590 1168 652 est
1188 584 1269 649 Hal·

172 692 255 756 mius
292 690 377 776 quod
410 692 509 758 Badio
536 700 671 762 auctore
702 703 874 776 quandoque
905 695 1042 769 mutavit
1074 695 1104 758 in
1136 698 1267 774 quoodo·

172 823 292 879 duaque.

193 913 196 918 '
271 907 371 986 Quam
400 910 537 975 noudum
561 908 725 989 attigimus
749 908 922 989 particulae
950 916 1036 988 atque
1056 906 1120 972 vim
1142 923 1267 989 eompa-

170 1017 316 1098 rativam,
339 1037 433 1099 quam
454 1018 562 1083 induit
580 1020 753 1096 composita
775 1036 845 1083 oum
868 1015 1047 1082 notionibus
1068 1037 1159 1103 aequa
1178 1022 1267 1080 aliter

168 1133 283 1205 pariter
305 1150 366 1206 por
394 1131 471 1191 alias
494 1131 588 1201 wem,
621 1142 703 1189 nuno
731 1124 967 1206 subiungamus
1009 1124 1116 1204 Atque
1137 1125 1268 1208 praeter

169 1253 287 1316 paucos
306 1235 390 1301 locos
414 1236 467 1300 ubi
489 1243 567 1300 taem
585 1237 618 1299 et
639 1243 724 1313 atque
747 1237 966 1313 annectantur,
984 1231 1089 1298 ‘nullis
1112 1232 1268 1313 exemplis

168 1344 348 1410 Annaeanis
370 1343 565 1424 comprobari
589 1343 672 1408 huuc
693 1360 784 1407 usum
806 1353 864 1408 nec
887 1343 985 1407 ullum
1016 1343 1148 1406 inveniri
1162 1342 1267 1407 locum

168 1451 221 1518 ubi
252 1453 436 1519 adverbium
467 1476 557 1533 oeque
574 1457 742 1532 'sequatur
774 1461 860 1531 atque
889 1452 1047 1534 particula
1080 1468 1268 1533 semperque

168 1584 255 1640 qaam
275 1548 413 1644 positum
435 1581 513 1640 esse,
544 1561 796 1643 Rausohningius
813 1561 889 1628 dioit
909 1562 941 1626 in
963 1561 1185 1627 dissertatione
1206 1579 1265 1627 sua

166 1669 206 1734 de
227 1669 386 1735 latinitate
408 1670 544 1739 Senecae
566 1691 596 1755 p·
618 1673 668 1736 53.
713 1672 841 1737 Erravit
862 1676 971 1737 tamen
992 1689 1062 1736 oum
1083 1675 1149 1735 tam
1174 1687 1266 1737 seue·

168 1797 223 1847 rae
243 1781 374 1862 regulae
395 1781 563 1847 adstrinxit
582 1781 745 1848 Senecam.

267 1912 377 1969 oeque
398 1914 438 1957 oo
459 1909 535 1972 ergo
557 1891 693 1971 positum
713 1896 763 1956 est
783 1889 825 1957 di.
837 1889 900 1954 XII
923 1891 971 1970 13,
993 1891 1013 1954 8
1037 1913 1194 1956 samaram
1209 1913 1265 1954 aa·

210 2005 296 2064 inae.
311 2048 369 2077 ...‚
390 2023 464 2080 quas
484 2008 613 2081 redipioai
634 2023 747 2081 aeque
767 2023 808 2065 aa
830 2009 939 2065 staatea
960 2006 1096 2065 adorarat.

272 2108 443 2174 Praeterea
465 2126 590 2189 quoquo
615 2109 706 2174 modo
728 2109 869 2175 sananda
891 2113 984 2173 erunt
1004 2109 1100 2174 verba
1120 2115 1155 2173 at
1176 2129 1265 2188 quoe·

210 2237 265 2295 pao
291 2238 325 2280 ao
343 2222 400 2281 sibi
421 2224 540 2297 quiaque
560 2224 665 2295 fodisse
684 2240 715 2283 ae
734 2227 822 2297 nepai
842 2235 872 2282 n.
893 2235 922 2298 q.
934 2217 960 2281 ·I
985 2217 1033 2295 16,
1057 2218 1087 2298 3,
1108 2215 1263 2298 recipien-

176 2337 180 2343 ’
211 2322 286 2388 dum
308 2327 415 2389 tamen
437 2325 562 2391 videtur
584 2344 652 2392 esse
674 2343 692 2390 e
711 2325 815 2391 codice
838 2325 864 2390 Ε
886 2348 975 2405 aeque
995 2349 1039 2390 aa.
1238 2395 1246 2410 ,

271 2431 389 2499 Contra
411 2435 524 2514 quibus
546 2435 579 2499 in
604 2435 724 2499 maiore
748 2435 850 2514 pretio
871 2438 921 2500 est
943 2430 1155 2499 codexEnou
1172 2433 1261 2498 dubi·

171 2539 286 2607 tabunt
307 2543 457 2608 scribere*
467 2552 512 2608 eat
533 2551 610 2608 eadm
624 2549 794 2623 tiliaeque
812 2565 929 2608 saraam
942 2551 998 2606 iter
1012 2565 1116 2622 quam
1129 2547 1265 2607 deorsam

166 2649 432 2732 n.q.1124‚1.
485 2651 546 2718 Sed
575 2657 747 2733 antequam
779 2650 821 2716 ad
842 2651 994 2733 liquidum
1029 2650 1182 2732 perducta
1213 2655 1264 2716 est

165 2759 309 2840 quaestio
330 2760 457 2826 cuinam
478 2760 574 2828 aodioi
598 2762 670 2826 inu.
693 2779 723 2843 q.
745 2762 846 2827 maior
869 2761 912 2827 sit
932 2760 1101 2826 tribuenda
1124 2761 1262 2826 auctori·

165 2870 231 2948 tas,
266 2887 328 2935 non
361 2870 488 2936 omniuo
520 2867 633 2935 codicis
667 2869 692 2932 Β
724 2869 914 2950 scripturam
942 2877 1027 2950 aaa
1052 2867 1263 2949 respuendam

166 2973 256 3042 duco.
579 3041 582 3048 ,
799 2998 801 3002 ⁴

263 3087 385 3165 Aeque
405 3094 444 3151 at
465 3089 515 3151 est
537 3085 568 3149 in
584 3082 817 3167 corruptissimo
831 3074 899 3149 loco
913 3103 962 3168 ep.
979 3087 1049 3165 104,
1072 3087 1122 3166 11,
1142 3085 1195 3151 ubi
1210 3103 1260 3151 oo

164 3191 240 3259 diois
262 3193 395 3259 Bleotio
416 3194 497 3258 omni
523 3211 615 3260 sensu
638 3211 748 3260 sarens
770 3201 909 3274 quaqua
928 3200 1187 3275 tadetoototaequa
1195 3200 1262 3260 vide

163 3310 197 3367 ut
221 3307 337 3368 nidmu
364 3308 435 3368 dan
457 3310 565 3369 vireret
585 3312 650 3369 urar
673 3303 756 3369 hune
777 3307 810 3369 in
832 3302 960 3368 modum
981 3308 1122 3370 correcta
1143 3303 1262 3384 legitur

164 3411 249 3491 apud
271 3409 422 3476 Haasium
445 3416 582 3491 quioquid
603 3420 630 3476 te
650 3417 771 3478 aelata
791 3434 881 3492 aeque
901 3418 968 3477 atde
985 3418 1117 3488 utfloras
1129 3417 1260 3478 virides:

163 3524 233 3584 dam
252 3527 357 3601 areat,
378 3530 468 3587 utere.
506 3519 568 3587 Sed
589 3523 693 3588 neseio
717 3539 757 3587 au
779 3521 891 3587 melius
914 3525 1055 3588 mutetur
1073 3521 1119 3586 ita
1139 3526 1207 3586 vido
1226 3530 1262 3586 at

162 3635 244 3694 adea
262 3635 365 3705 flores:
386 3636 457 3695 duaa
476 3638 573 3697 eareat
591 3639 692 3696 atera.
735 3628 830 3697 Naro·
841 3629 976 3710 primurn
991 3637 1074 3696 videa
1084 3635 1174 3706 floras
1188 3647 1258 3694 oum

111 3781 113 3785 ψ
162 3736 290 3805 facilius
313 3757 330 3804 e
351 3745 467 3804 amaea
488 3740 591 3804 oritur
608 3739 949 3822 quamquodHaasius
963 3739 1082 3820 posuit,
1104 3743 1172 3803 tum
1186 3757 1260 3806 sen-

162 3848 284 3914 tentiae
306 3846 434 3930 sufficia
456 3848 567 3914 deinde
587 3855 681 3914 oraria
700 3847 806 3930 aptius
827 3849 930 3916 iudico
954 3865 1050 3930 quam
1070 3857 1160 3924 adare,
1182 3848 1259 3928 quia

161 3955 290 4025 floribus
319 3956 380 4024 illis
412 3958 676 4040 quemadmodum
708 3964 821 4024 utatur
845 3977 906 4024 nou
929 3974 1055 4023 noemae
1076 3959 1148 4024 erat
1168 3974 1259 4038 prae

113 4079 115 4083 '
161 4071 236 4154 cipi,
272 4070 459 4153 praesertim
494 4090 567 4137 oum
599 4071 735 4153 exempli
770 4072 839 4138 loeo
870 4075 1037 4152 ponantur.
1092 4070 1258 4136 Postremo
1319 4119 1322 4129 .

160 4181 307 4262 graviore
328 4180 580 4262 interpunctione
599 4180 739 4245 adhibita
760 4181 806 4244 ita
821 4179 1134 4246 scribendumiudioo
1153 4186 1257 4245 mats.

159 4295 251 4356 utiam
277 4295 337 4354 otio
365 4294 413 4355 dia
438 4312 525 4356 raam
556 4298 692 4370 enuntiet,
721 4296 786 4356 aad.
803 4307 874 4355 cum
895 4289 991 4357 verba
1012 4295 1184 4357 altura-atio
1204 4296 1255 4356 dia
