2746 4724
232 1360 278 1431 Ut
300 1368 489 1449 componant
512 1365 655 1448 singulas
677 1364 821 1431 notiones
836 1366 869 1428 et
881 1367 951 1430 tota
962 1361 1138 1441 enuntiata,
1161 1365 1227 1426 tres

136 1473 285 1540 adhibent
298 1456 432 1540 nonnam
454 1473 627 1555 particulas
650 1483 686 1550 et,
708 1495 771 1554 pue,
794 1496 828 1538 ac
848 1471 1011 1551 velutque.
1055 1469 1228 1536 Discrlmen

137 1583 220 1665 quod
241 1582 323 1648 inter
344 1599 399 1648 eas
421 1582 599 1650 interpellat
620 1586 653 1648 et
672 1582 727 1663 qui
747 1581 872 1664 proprie
888 1581 1001 1661 cuique
1012 1579 1054 1645 sit
1066 1597 1150 1657 usus,
1175 1578 1230 1660 qui

138 1691 274 1757 indicere
297 1691 397 1773 volet,
429 1690 476 1757 ita
508 1690 575 1758 lere
604 1691 700 1758 dicet:
733 1707 791 1772 per
812 1699 839 1756 et
858 1687 1036 1755 enumerari
1058 1689 1156 1754 verba
1178 1688 1230 1755 vel

136 1798 309 1869 sententias
339 1799 489 1866 interiore
521 1801 645 1866 ratione
674 1798 833 1881 neglecta,
869 1815 926 1880 per
955 1820 991 1864 oc
1011 1797 1230 1879 (acqualnova

135 1909 265 1992 adiungi
286 1906 336 1974 vel
356 1925 440 1990 quae
461 1926 532 1975 cum
554 1909 711 1992 gravitate
734 1908 871 1990 quadam
893 1907 1151 1988 pronuntientur,
1172 1924 1230 1988 per

136 2039 191 2098 pac
222 2015 442 2099 comprehendi
474 2034 555 2098 quae
590 2021 658 2085 arte
691 2015 889 2082 cohaereant.
933 2013 994 2080 Sed
1015 2020 1053 2081 ut
1072 2012 1139 2080 iere
1161 2032 1230 2079 ver-

135 2126 255 2204 borum,
279 2141 361 2206 quaa
383 2122 594 2207 infrequenti
616 2143 677 2191 usu
699 2126 783 2205 sunt,
805 2122 943 2206 genuina
964 2128 997 2189 et
1018 2123 1120 2205 prima
1136 2122 1230 2204 signi-

135 2233 239 2301 ficatio
261 2230 439 2301 deflectitur
457 2239 491 2300 et
511 2233 676 2315 paululum
695 2236 924 2311 commutatur,
947 2234 992 2298 sic
1013 2231 1086 2298 illae
1107 2249 1232 2313 quoque

137 2341 312 2425 particulae
332 2340 485 2425 paulatim
507 2359 578 2406 cum
600 2358 675 2406 curu
697 2340 849 2422 distingui
868 2331 1030 2408 desierunt
1043 2346 1075 2407 et
1089 2340 1146 2405 soli
1162 2357 1232 2406 cou-

139 2449 286 2533 iungendi
318 2449 440 2515 muneri
470 2449 676 2516 inservientes
708 2450 838 2516 invicem
868 2449 959 2516 sedes
985 2455 1230 2516 commutarunt.
1285 2513 1288 2531 ,

139 2559 273 2626 Ventum
294 2558 390 2642 igitur
411 2558 598 2641 procedente
620 2565 762 2641 tempore
785 2578 822 2626 eo
844 2566 903 2640 est,
927 2564 963 2626 ut
985 2577 1048 2640 qua
1073 2558 1231 2641 particula

140 2668 187 2734 uti
209 2667 313 2748 vellet,
346 2666 432 2734 haud
463 2685 537 2732 raro
567 2666 599 2732 in
633 2668 796 2750 scriptoris
826 2669 957 2735 arbitrio
978 2669 1116 2752 positum
1140 2675 1233 2736 esset.

137 2777 234 2844 Velut
256 2776 468 2842 abhorrent-a
490 2777 631 2857 priorum
652 2782 830 2860 temporum
853 2779 1022 2844 severitate
1043 2797 1125 2858 quae
1148 2779 1232 2861 apud

139 2884 285 2952 Tacitum
313 2883 497 2968 saepissime
522 2885 673 2966 leguntur
694 2887 855 2969 complura
878 2888 1018 2954 eiusdem
1040 2888 1120 2980 iuris¹
1137 2888 1234 2954 verba

138 2996 233 3062 variis
266 2994 367 3062 modia
400 2995 557 3078 copulata.
601 2995 652 3061 lta
684 3006 712 3062 et
742 3003 808 3063 ideo
839 2999 872 3062 et
895 3005 1016 3077 ideoque
1037 2998 1070 3062 in
1095 2997 1233 3065 Senecae

138 3103 228 3170 libris
249 3104 425 3186 promiscue
447 3102 589 3170 adhibita
611 3109 694 3183 sunt,
718 3123 852 3187 quorum
874 3108 963 3187 prius
984 3105 1166 3185 Quintiliani
1188 3108 1233 3171 iu·

140 3212 321 3278 stitutiones
342 3211 458 3294 legenti
485 3212 646 3292 rarissime
668 3218 821 3280 occurret.
864 3213 1029 3296 Similique
1051 3215 1142 3280 modo
1156 3215 1237 3281 vitat

141 3317 269 3386 Curtius
290 3319 392 3386 Rufus
425 3330 453 3386 et
483 3325 516 3386 et
547 3344 582 3387 oc
612 3321 803 3403 particulam
834 3340 905 3388 cum
936 3329 998 3389 ium
1029 3323 1236 3391 coniunctam.

142 3426 248 3506 Quare
273 3446 368 3511 quam
383 3429 471 3506 vario
493 3429 615 3495 dicendi
636 3447 752 3511 genere
773 3437 905 3497 utuntur
926 3432 1104 3514 scriptores,
1126 3432 1175 3499 vel
1196 3450 1235 3497 ex

142 3537 376 3604 levissimarum
397 3537 511 3602 harum
533 3538 762 3620 particularum
788 3559 849 3606 usu
870 3546 903 3605 et
922 3539 1100 3622 frequentia
1115 3541 1236 3608 intelle·

143 3647 238 3728 gitur.
282 3643 352 3711 Non
378 3662 569 3727 magnopere
595 3647 753 3729 dlecrepat
774 3649 805 3712 in
828 3648 927 3714 Curtii
948 3649 1080 3715 historia
1102 3668 1234 3715 numero

143 3763 170 3831 ci
199 3755 239 3821 ab
260 3777 328 3840 quc,
361 3759 396 3821 at
416 3766 529 3821 rursus
550 3755 642 3839 longe
663 3758 722 3824 hoc
742 3756 938 3841 frequentius
959 3765 1009 3825 est
1031 3777 1125 3840 quam
1147 3784 1183 3826 uc
1204 3766 1237 3827 et

143 3872 238 3945 atque.
281 3862 409 3930 Videbis
440 3864 536 3943 enim,
572 3866 598 3932 si
632 3885 698 3932 rem
730 3867 771 3932 ad
803 3854 939 3934 calculos
959 3871 1171 3949 revocaveris,
1205 3869 1237 3933 iu

143 3972 252 4055 primis
271 3973 394 4040 duobus
415 3974 504 4040 libris
526 3983 554 4040 ct
567 3974 706 4056 positum
728 3976 851 4043 circiter
864 3977 927 4042 470
940 3977 1025 4058 locis,
1048 4001 1103 4058 quc
1117 3979 1188 4058 350,
1203 4001 1239 4042 uc

145 4081 196 4162 50,
216 4090 304 4162 atque
322 4082 374 4147 25.
409 4079 527 4148 Seneca
548 4087 654 4149 autem
668 4084 721 4165 qui
733 4086 837 4151 minus
846 4085 1010 4168 perpolitis
1021 4085 1125 4152 verbis
1139 4102 1235 4166 quam

145 4190 293 4269 gravibus
317 4190 482 4258 sententiis
508 4192 630 4259 animos
654 4199 774 4278 movet,
799 4194 917 4262 leviore
943 4195 1067 4259 vinculo
1089 4193 1239 4259 orationis

145 4298 287 4366 membra
306 4304 467 4365 conectere
489 4300 579 4368 solet.
621 4303 659 4368 lu
680 4305 827 4385 epistulis
851 4305 977 4385 quidem
1001 4313 1028 4370 ei
1049 4304 1094 4368 ita
1108 4322 1238 4384 praeva-

96 4415 99 4422 ·
1030 4413 1055 4463 x
