<?xml version="1.0" encoding="UTF-8"?>
<!DOCTYPE html PUBLIC "-//W3C//DTD XHTML 1.0 Transitional//EN"
    "http://www.w3.org/TR/xhtml1/DTD/xhtml1-transitional.dtd">
<html xmlns="http://www.w3.org/1999/xhtml" xml:lang="en" lang="en">
 <head>
  <title>
</title>
<meta http-equiv="Content-Type" content="text/html;charset=utf-8" />
  <meta name='ocr-system' content='tesseract 3.04.00' />
  <meta name='ocr-capabilities' content='ocr_page ocr_carea ocr_par ocr_line ocrx_word'/>
</head>
<body>
  <div class='ocr_page' id='page_1' title='image "./animadversiones00klamgoog_0031.png"; bbox 0 0 2746 4724; ppageno 0'>
   <div class='ocr_carea' id='block_1_1' title="bbox 686 265 747 374">
    <p class='ocr_par' dir='ltr' id='par_1_1' title="bbox 686 265 747 374">
     <span class='ocr_line' id='line_1_1' title="bbox 686 265 747 374; baseline 0 -46"><span class='ocrx_word' id='word_1_1' title='bbox 686 265 747 374; x_wconf 29' lang='lat'><strong>22!</strong></span> 
     </span>
    </p>
   </div>
   <div class='ocr_carea' id='block_1_2' title="bbox 149 453 1351 2378">
    <p class='ocr_par' dir='ltr' id='par_1_2' title="bbox 208 453 1265 729">
     <span class='ocr_line' id='line_1_2' title="bbox 208 453 1265 533; baseline -0.014 -12"><span class='ocrx_word' id='word_1_2' title='bbox 208 510 210 514; x_wconf 60' lang='grc'><strong>,</strong></span> <span class='ocrx_word' id='word_1_3' title='bbox 231 465 303 521; x_wconf 79' lang='lat' dir='ltr'><strong>tioai</strong></span> <span class='ocrx_word' id='word_1_4' title='bbox 319 480 353 521; x_wconf 90' lang='lat' dir='ltr'><strong>aa</strong></span> <span class='ocrx_word' id='word_1_5' title='bbox 370 463 463 533; x_wconf 72' lang='lat' dir='ltr'><strong><em>samaa</em></strong></span> <span class='ocrx_word' id='word_1_6' title='bbox 480 463 506 517; x_wconf 89' lang='lat' dir='ltr'><strong>d.</strong></span> <span class='ocrx_word' id='word_1_7' title='bbox 525 463 552 516; x_wconf 95' lang='lat' dir='ltr'><strong>b.</strong></span> <span class='ocrx_word' id='word_1_8' title='bbox 571 461 610 517; x_wconf 85' lang='lat' dir='ltr'><strong>IV</strong></span> <span class='ocrx_word' id='word_1_9' title='bbox 626 463 669 531; x_wconf 77' lang='lat'><strong>21,</strong></span> <span class='ocrx_word' id='word_1_10' title='bbox 691 462 716 516; x_wconf 83' lang='lat'><strong>5.</strong></span> <span class='ocrx_word' id='word_1_11' title='bbox 758 465 859 531; x_wconf 83' lang='lat' dir='ltr'><strong>portua</strong></span> <span class='ocrx_word' id='word_1_12' title='bbox 876 476 910 515; x_wconf 89' lang='lat' dir='ltr'><strong>ac</strong></span> <span class='ocrx_word' id='word_1_13' title='bbox 925 457 1098 528; x_wconf 68' lang='lat' dir='ltr'><strong><em>praesidium</em></strong></span> <span class='ocrx_word' id='word_1_14' title='bbox 1120 456 1146 510; x_wconf 90' lang='lat' dir='ltr'><strong>d.</strong></span> <span class='ocrx_word' id='word_1_15' title='bbox 1171 456 1199 509; x_wconf 94' lang='lat' dir='ltr'><strong>b.</strong></span> <span class='ocrx_word' id='word_1_16' title='bbox 1218 453 1265 515; x_wconf 36' lang='lat' dir='ltr'><strong>vl.</strong></span> 
     </span>
     <span class='ocr_line' id='line_1_3' title="bbox 231 551 1259 632; baseline -0.01 -16"><span class='ocrx_word' id='word_1_17' title='bbox 231 563 276 632; x_wconf 79' lang='lat'><strong>28,</strong></span> <span class='ocrx_word' id='word_1_18' title='bbox 294 563 319 615; x_wconf 80' lang='lat'><strong>2.</strong></span> <span class='ocrx_word' id='word_1_19' title='bbox 368 576 403 616; x_wconf 83' lang='lat' dir='ltr'><strong>ea</strong></span> <span class='ocrx_word' id='word_1_20' title='bbox 422 575 508 615; x_wconf 83' lang='lat' dir='ltr'><strong>cauea</strong></span> <span class='ocrx_word' id='word_1_21' title='bbox 525 575 558 615; x_wconf 91' lang='lat' dir='ltr'><strong>ac</strong></span> <span class='ocrx_word' id='word_1_22' title='bbox 574 558 778 615; x_wconf 71' lang='lat' dir='ltr'><strong>necessitatem</strong></span> <span class='ocrx_word' id='word_1_23' title='bbox 797 556 831 612; x_wconf 83' lang='lat' dir='ltr'><strong>cl.</strong></span> <span class='ocrx_word' id='word_1_24' title='bbox 850 555 863 610; x_wconf 91' lang='lat'>1</span> <span class='ocrx_word' id='word_1_25' title='bbox 882 555 969 620; x_wconf 83' lang='lat'>11,4.</span> <span class='ocrx_word' id='word_1_26' title='bbox 1013 553 1068 610; x_wconf 83' lang='lat' dir='ltr'><strong>diei</strong></span> <span class='ocrx_word' id='word_1_27' title='bbox 1084 551 1206 623; x_wconf 81' lang='lat' dir='ltr'><strong>epatium</strong></span> <span class='ocrx_word' id='word_1_28' title='bbox 1224 567 1259 607; x_wconf 89' lang='lat' dir='ltr'><strong>ac</strong></span> 
     </span>
     <span class='ocr_line' id='line_1_4' title="bbox 231 655 610 729; baseline -0.011 -15"><span class='ocrx_word' id='word_1_29' title='bbox 231 656 372 729; x_wconf 70' lang='lat' dir='ltr'><strong>iompitmdo</strong></span> <span class='ocrx_word' id='word_1_30' title='bbox 390 674 417 711; x_wconf 88' lang='lat' dir='ltr'><strong>n.</strong></span> <span class='ocrx_word' id='word_1_31' title='bbox 435 674 462 726; x_wconf 89' lang='lat' dir='ltr'><strong>q.</strong></span> <span class='ocrx_word' id='word_1_32' title='bbox 480 655 506 712; x_wconf 89' lang='lat' dir='ltr'><strong>V</strong></span> <span class='ocrx_word' id='word_1_33' title='bbox 525 658 566 725; x_wconf 85' lang='lat'><strong>11,</strong></span> <span class='ocrx_word' id='word_1_34' title='bbox 584 657 610 710; x_wconf 84' lang='lat'><strong>2.</strong></span> 
     </span>
    </p>

    <p class='ocr_par' dir='ltr' id='par_1_3' title="bbox 156 748 1351 1608">
     <span class='ocr_line' id='line_1_5' title="bbox 253 748 1351 851; baseline -0.015 -15"><span class='ocrx_word' id='word_1_35' title='bbox 253 769 385 838; x_wconf 78' lang='lat' dir='ltr'><strong>&#39;Eadem</strong></span> <span class='ocrx_word' id='word_1_36' title='bbox 407 770 540 851; x_wconf 86' lang='lat' dir='ltr'><strong>quaein</strong></span> <span class='ocrx_word' id='word_1_37' title='bbox 561 769 609 835; x_wconf 89' lang='lat' dir='ltr'><strong>his</strong></span> <span class='ocrx_word' id='word_1_38' title='bbox 623 768 775 850; x_wconf 85' lang='lat' dir='ltr'><strong>exemplis</strong></span> <span class='ocrx_word' id='word_1_39' title='bbox 797 766 879 833; x_wconf 89' lang='lat' dir='ltr'><strong>ratio</strong></span> <span class='ocrx_word' id='word_1_40' title='bbox 895 764 1021 831; x_wconf 87' lang='lat' dir='ltr'><strong>videtur</strong></span> <span class='ocrx_word' id='word_1_41' title='bbox 1041 748 1135 830; x_wconf 87' lang='lat' dir='ltr'><strong>etiam</strong></span> <span class='ocrx_word' id='word_1_42' title='bbox 1151 761 1259 828; x_wconf 89' lang='lat' dir='ltr'><strong>inesse</strong></span> <span class='ocrx_word' id='word_1_43' title='bbox 1348 817 1351 820; x_wconf 78' lang='grc'>,</span> 
     </span>
     <span class='ocr_line' id='line_1_6' title="bbox 159 875 1258 960; baseline -0.011 -13"><span class='ocrx_word' id='word_1_44' title='bbox 159 883 229 948; x_wconf 90' lang='lat' dir='ltr'><strong>loco</strong></span> <span class='ocrx_word' id='word_1_45' title='bbox 254 879 283 947; x_wconf 89' lang='lat' dir='ltr'><strong>d.</strong></span> <span class='ocrx_word' id='word_1_46' title='bbox 305 880 334 946; x_wconf 93' lang='lat' dir='ltr'><strong>b.</strong></span> <span class='ocrx_word' id='word_1_47' title='bbox 355 879 401 945; x_wconf 87' lang='lat' dir='ltr'><strong>VI</strong></span> <span class='ocrx_word' id='word_1_48' title='bbox 422 880 472 960; x_wconf 87' lang='lat'><strong>35,</strong></span> <span class='ocrx_word' id='word_1_49' title='bbox 494 880 523 959; x_wconf 89' lang='lat'><strong>5,</strong></span> <span class='ocrx_word' id='word_1_50' title='bbox 546 895 639 959; x_wconf 90' lang='lat' dir='ltr'><strong>quem</strong></span> <span class='ocrx_word' id='word_1_51' title='bbox 669 883 777 944; x_wconf 90' lang='lat' dir='ltr'><strong>tamen</strong></span> <span class='ocrx_word' id='word_1_52' title='bbox 796 875 910 959; x_wconf 91' lang='lat' dir='ltr'><strong>mendo</strong></span> <span class='ocrx_word' id='word_1_53' title='bbox 940 891 1054 941; x_wconf 85' lang='lat' dir='ltr'><strong>vacare</strong></span> <span class='ocrx_word' id='word_1_54' title='bbox 1080 889 1141 936; x_wconf 91' lang='lat' dir='ltr'><strong>non</strong></span> <span class='ocrx_word' id='word_1_55' title='bbox 1168 875 1258 955; x_wconf 89' lang='lat' dir='ltr'><strong>puto.</strong></span> 
     </span>
     <span class='ocr_line' id='line_1_7' title="bbox 160 981 1259 1071; baseline -0.014 -11"><span class='ocrx_word' id='word_1_56' title='bbox 160 987 373 1071; x_wconf 83' lang='lat' dir='ltr'><strong>Reprehendit</strong></span> <span class='ocrx_word' id='word_1_57' title='bbox 394 985 513 1054; x_wconf 78' lang='lat' dir='ltr'>Seneca</span> <span class='ocrx_word' id='word_1_58' title='bbox 535 988 594 1054; x_wconf 90' lang='lat' dir='ltr'><strong>hoc</strong></span> <span class='ocrx_word' id='word_1_59' title='bbox 620 987 725 1069; x_wconf 90' lang='lat' dir='ltr'><strong>capite</strong></span> <span class='ocrx_word' id='word_1_60' title='bbox 749 984 876 1066; x_wconf 90' lang='lat' dir='ltr'><strong>eosqui</strong></span> <span class='ocrx_word' id='word_1_61' title='bbox 905 989 942 1049; x_wconf 91' lang='lat' dir='ltr'><strong>ut</strong></span> <span class='ocrx_word' id='word_1_62' title='bbox 964 981 1137 1049; x_wconf 84' lang='lat' dir='ltr'><strong>officiorum</strong></span> <span class='ocrx_word' id='word_1_63' title='bbox 1159 997 1259 1046; x_wconf 88' lang='lat' dir='ltr'><strong>onere</strong></span> 
     </span>
     <span class='ocr_line' id='line_1_8' title="bbox 160 1090 1258 1179; baseline -0.01 -14"><span class='ocrx_word' id='word_1_64' title='bbox 160 1117 195 1165; x_wconf 90' lang='lat' dir='ltr'><strong>se</strong></span> <span class='ocrx_word' id='word_1_65' title='bbox 224 1098 367 1176; x_wconf 83' lang='lat' dir='ltr'><strong>liberent,</strong></span> <span class='ocrx_word' id='word_1_66' title='bbox 400 1097 476 1162; x_wconf 86' lang='lat' dir='ltr'><strong>mali</strong></span> <span class='ocrx_word' id='word_1_67' title='bbox 493 1095 625 1179; x_wconf 87' lang='lat' dir='ltr'><strong>aliquid</strong></span> <span class='ocrx_word' id='word_1_68' title='bbox 648 1099 762 1178; x_wconf 85' lang='lat' dir='ltr'><strong>optant</strong></span> <span class='ocrx_word' id='word_1_69' title='bbox 792 1095 838 1161; x_wconf 89' lang='lat' dir='ltr'><strong>eis</strong></span> <span class='ocrx_word' id='word_1_70' title='bbox 868 1093 981 1174; x_wconf 89' lang='lat' dir='ltr'><strong>quibus</strong></span> <span class='ocrx_word' id='word_1_71' title='bbox 1013 1090 1142 1172; x_wconf 84' lang='lat' dir='ltr'><strong>obligati</strong></span> <span class='ocrx_word' id='word_1_72' title='bbox 1170 1094 1258 1157; x_wconf 88' lang='lat' dir='ltr'><strong>suut.</strong></span> 
     </span>
     <span class='ocr_line' id='line_1_9' title="bbox 160 1205 1261 1286; baseline -0.01 -12"><span class='ocrx_word' id='word_1_73' title='bbox 160 1213 254 1282; x_wconf 82' lang='lat' dir='ltr'><strong>Nemo</strong></span> <span class='ocrx_word' id='word_1_74' title='bbox 274 1207 377 1286; x_wconf 84' lang='lat' dir='ltr'><strong>iuquit</strong></span> <span class='ocrx_word' id='word_1_75' title='bbox 401 1212 437 1272; x_wconf 79' lang='lat' dir='ltr'><strong>aa</strong></span> <span class='ocrx_word' id='word_1_76' title='bbox 461 1214 641 1272; x_wconf 76' lang='lat' dir='ltr'><strong><em>immanitate</em></strong></span> <span class='ocrx_word' id='word_1_77' title='bbox 668 1211 761 1270; x_wconf 76' lang='lat' dir='ltr'><strong>ammai</strong></span> <span class='ocrx_word' id='word_1_78' title='bbox 781 1211 826 1269; x_wconf 80' lang='lat' dir='ltr'><strong>iai</strong></span> <span class='ocrx_word' id='word_1_79' title='bbox 852 1210 1008 1281; x_wconf 80' lang='lat' dir='ltr'><strong>dubitaret,</strong></span> <span class='ocrx_word' id='word_1_80' title='bbox 1039 1208 1067 1266; x_wconf 84' lang='lat' dir='ltr'><strong>si</strong></span> <span class='ocrx_word' id='word_1_81' title='bbox 1088 1209 1191 1280; x_wconf 81' lang='lat' dir='ltr'><strong>aperte</strong></span> <span class='ocrx_word' id='word_1_82' title='bbox 1209 1205 1261 1265; x_wconf 83' lang='lat' dir='ltr'><strong>illi</strong></span> 
     </span>
     <span class='ocr_line' id='line_1_10' title="bbox 156 1315 1259 1396; baseline -0.006 -15"><span class='ocrx_word' id='word_1_83' title='bbox 156 1323 372 1396; x_wconf 79' lang='lat' dir='ltr'><strong>paupertatem,</strong></span> <span class='ocrx_word' id='word_1_84' title='bbox 400 1321 427 1380; x_wconf 85' lang='lat' dir='ltr'><strong>si</strong></span> <span class='ocrx_word' id='word_1_85' title='bbox 448 1322 655 1394; x_wconf 81' lang='lat' dir='ltr'><strong>captivitatem,</strong></span> <span class='ocrx_word' id='word_1_86' title='bbox 682 1321 710 1378; x_wconf 77' lang='lat' dir='ltr'><strong>ei</strong></span> <span class='ocrx_word' id='word_1_87' title='bbox 733 1317 841 1390; x_wconf 83' lang='lat' dir='ltr'><strong>famem</strong></span> <span class='ocrx_word' id='word_1_88' title='bbox 861 1335 896 1378; x_wconf 88' lang='lat' dir='ltr'><strong>aa</strong></span> <span class='ocrx_word' id='word_1_89' title='bbox 917 1320 1022 1376; x_wconf 79' lang='lat' dir='ltr'><strong>maiam</strong></span> <span class='ocrx_word' id='word_1_90' title='bbox 1039 1315 1259 1390; x_wconf 77' lang='lat' dir='ltr'><strong>imprecareris.</strong></span> 
     </span>
     <span class='ocr_line' id='line_1_11' title="bbox 163 1416 1260 1503; baseline -0.01 -11"><span class='ocrx_word' id='word_1_91' title='bbox 163 1424 280 1492; x_wconf 83' lang='lat' dir='ltr'><strong>Metmn</strong></span> <span class='ocrx_word' id='word_1_92' title='bbox 307 1423 335 1490; x_wconf 90' lang='lat' dir='ltr'><strong>si</strong></span> <span class='ocrx_word' id='word_1_93' title='bbox 364 1428 514 1503; x_wconf 79' lang='lat' dir='ltr'><strong>qnamum</strong></span> <span class='ocrx_word' id='word_1_94' title='bbox 540 1425 648 1488; x_wconf 88' lang='lat' dir='ltr'><strong>votum</strong></span> <span class='ocrx_word' id='word_1_95' title='bbox 677 1439 746 1488; x_wconf 89' lang='lat' dir='ltr'><strong>esse</strong></span> <span class='ocrx_word' id='word_1_96' title='bbox 766 1427 867 1503; x_wconf 85' lang='lat' dir='ltr'><strong>putes,</strong></span> <span class='ocrx_word' id='word_1_97' title='bbox 896 1418 1081 1502; x_wconf 85' lang='lat' dir='ltr'><strong>languidum</strong></span> <span class='ocrx_word' id='word_1_98' title='bbox 1104 1416 1163 1503; x_wconf 68' lang='lat' dir='ltr'><strong>est}</strong></span> <span class='ocrx_word' id='word_1_99' title='bbox 1186 1435 1260 1482; x_wconf 88' lang='lat' dir='ltr'><strong>cum</strong></span> 
     </span>
     <span class='ocr_line' id='line_1_12' title="bbox 164 1518 1261 1608; baseline -0.006 -10"><span class='ocrx_word' id='word_1_100' title='bbox 164 1532 362 1599; x_wconf 83' lang='lat' dir='ltr'><strong>desideretur</strong></span> <span class='ocrx_word' id='word_1_101' title='bbox 384 1549 435 1597; x_wconf 89' lang='lat' dir='ltr'><strong>res</strong></span> <span class='ocrx_word' id='word_1_102' title='bbox 457 1549 496 1597; x_wconf 91' lang='lat' dir='ltr'><strong>ea</strong></span> <span class='ocrx_word' id='word_1_103' title='bbox 516 1533 608 1598; x_wconf 89' lang='lat' dir='ltr'><strong>cuius</strong></span> <span class='ocrx_word' id='word_1_104' title='bbox 623 1537 727 1596; x_wconf 87' lang='lat' dir='ltr'><strong>metus</strong></span> <span class='ocrx_word' id='word_1_105' title='bbox 750 1531 784 1596; x_wconf 94' lang='lat' dir='ltr'><strong>in</strong></span> <span class='ocrx_word' id='word_1_106' title='bbox 805 1534 878 1595; x_wconf 85' lang='lat' dir='ltr'><strong>roto</strong></span> <span class='ocrx_word' id='word_1_107' title='bbox 899 1528 951 1594; x_wconf 88' lang='lat' dir='ltr'><strong>sit.</strong></span> <span class='ocrx_word' id='word_1_108' title='bbox 994 1528 1037 1593; x_wconf 84' lang='lat' dir='ltr'><strong>At</strong></span> <span class='ocrx_word' id='word_1_109' title='bbox 1052 1527 1080 1593; x_wconf 91' lang='lat' dir='ltr'><strong>si</strong></span> <span class='ocrx_word' id='word_1_110' title='bbox 1094 1518 1261 1608; x_wconf 76' lang='lat' dir='ltr'><strong>mniungia</strong></span> 
     </span>
    </p>

    <p class='ocr_par' dir='ltr' id='par_1_4' title="bbox 107 1636 1266 2378">
     <span class='ocr_line' id='line_1_13' title="bbox 162 1636 1261 1722; baseline -0.008 -13.429"><span class='ocrx_word' id='word_1_111' title='bbox 162 1658 233 1708; x_wconf 92' lang='lat' dir='ltr'><strong>cum</strong></span> <span class='ocrx_word' id='word_1_112' title='bbox 254 1658 330 1707; x_wconf 84' lang='lat' dir='ltr'><strong>voce</strong></span> <span class='ocrx_word' id='word_1_113' title='bbox 351 1646 468 1722; x_wconf 79' lang='lat' dir='ltr'><strong>famem,</strong></span> <span class='ocrx_word' id='word_1_114' title='bbox 494 1640 553 1706; x_wconf 85' lang='lat' dir='ltr'><strong>hoe</strong></span> <span class='ocrx_word' id='word_1_115' title='bbox 583 1656 708 1722; x_wconf 88' lang='lat' dir='ltr'><strong>quoque</strong></span> <span class='ocrx_word' id='word_1_116' title='bbox 728 1637 882 1719; x_wconf 88' lang='lat' dir='ltr'><strong>displicet,</strong></span> <span class='ocrx_word' id='word_1_117' title='bbox 905 1654 975 1702; x_wconf 88' lang='lat' dir='ltr'><strong>curn</strong></span> <span class='ocrx_word' id='word_1_118' title='bbox 997 1653 1097 1719; x_wconf 89' lang='lat' dir='ltr'><strong>aeque</strong></span> <span class='ocrx_word' id='word_1_119' title='bbox 1118 1636 1159 1701; x_wconf 87' lang='lat' dir='ltr'><strong>ad</strong></span> <span class='ocrx_word' id='word_1_120' title='bbox 1180 1658 1261 1715; x_wconf 80' lang='lat' dir='ltr'><strong>paa-</strong></span> 
     </span>
     <span class='ocr_line' id='line_1_14' title="bbox 159 1744 1258 1835; baseline -0.006 -18"><span class='ocrx_word' id='word_1_121' title='bbox 159 1759 302 1831; x_wconf 84' lang='lat' dir='ltr'><strong>pertatam</strong></span> <span class='ocrx_word' id='word_1_122' title='bbox 322 1754 355 1816; x_wconf 92' lang='lat' dir='ltr'><strong>et</strong></span> <span class='ocrx_word' id='word_1_123' title='bbox 365 1756 563 1830; x_wconf 77' lang='lat' dir='ltr'><strong>captivitatem</strong></span> <span class='ocrx_word' id='word_1_124' title='bbox 576 1749 662 1815; x_wconf 88' lang='lat' dir='ltr'><strong>trahi</strong></span> <span class='ocrx_word' id='word_1_125' title='bbox 677 1747 831 1814; x_wconf 80' lang='lat' dir='ltr'><strong>debuerit.</strong></span> <span class='ocrx_word' id='word_1_126' title='bbox 853 1744 905 1811; x_wconf 90' lang='lat' dir='ltr'><strong>Ne</strong></span> <span class='ocrx_word' id='word_1_127' title='bbox 921 1746 1024 1828; x_wconf 90' lang='lat' dir='ltr'><strong>ipsum</strong></span> <span class='ocrx_word' id='word_1_128' title='bbox 1039 1744 1164 1835; x_wconf 87' lang='lat' dir='ltr'><strong>quidem</strong></span> <span class='ocrx_word' id='word_1_129' title='bbox 1186 1761 1258 1812; x_wconf 87' lang='lat' dir='ltr'><strong>vor·</strong></span> 
     </span>
     <span class='ocr_line' id='line_1_15' title="bbox 149 1855 1263 1937; baseline -0.003 -14"><span class='ocrx_word' id='word_1_130' title='bbox 149 1857 236 1923; x_wconf 73' lang='lat' dir='ltr'><strong>=bum</strong></span> <span class='ocrx_word' id='word_1_131' title='bbox 257 1866 364 1922; x_wconf 82' lang='lat' dir='ltr'><strong><em>mamm</em></strong></span> <span class='ocrx_word' id='word_1_132' title='bbox 382 1859 495 1937; x_wconf 86' lang='lat' dir='ltr'><strong>aptum</strong></span> <span class='ocrx_word' id='word_1_133' title='bbox 511 1855 621 1936; x_wconf 90' lang='lat' dir='ltr'><strong>iudico,</strong></span> <span class='ocrx_word' id='word_1_134' title='bbox 644 1875 715 1922; x_wconf 85' lang='lat' dir='ltr'><strong>curn</strong></span> <span class='ocrx_word' id='word_1_135' title='bbox 738 1874 807 1922; x_wconf 89' lang='lat' dir='ltr'><strong>non·</strong></span> <span class='ocrx_word' id='word_1_136' title='bbox 822 1857 865 1922; x_wconf 91' lang='lat' dir='ltr'><strong>sit</strong></span> <span class='ocrx_word' id='word_1_137' title='bbox 886 1874 962 1921; x_wconf 88' lang='lat' dir='ltr'><strong>vere</strong></span> <span class='ocrx_word' id='word_1_138' title='bbox 984 1859 1133 1935; x_wconf 86' lang='lat' dir='ltr'><strong>certaque</strong></span> <span class='ocrx_word' id='word_1_139' title='bbox 1153 1871 1263 1920; x_wconf 89' lang='lat' dir='ltr'><strong>neces·</strong></span> 
     </span>
     <span class='ocr_line' id='line_1_16' title="bbox 167 1964 1266 2046; baseline -0.004 -12"><span class='ocrx_word' id='word_1_140' title='bbox 167 1966 261 2045; x_wconf 83' lang='lat' dir='ltr'><strong>sites,</strong></span> <span class='ocrx_word' id='word_1_141' title='bbox 292 1964 347 2032; x_wconf 90' lang='lat' dir='ltr'><strong>sed</strong></span> <span class='ocrx_word' id='word_1_142' title='bbox 380 1966 574 2046; x_wconf 81' lang='lat' dir='ltr'><strong>exspectatio</strong></span> <span class='ocrx_word' id='word_1_143' title='bbox 607 1971 741 2033; x_wconf 87' lang='lat' dir='ltr'><strong>tantum.</strong></span> <span class='ocrx_word' id='word_1_144' title='bbox 806 1966 895 2045; x_wconf 86' lang='lat' dir='ltr'><strong>Quod</strong></span> <span class='ocrx_word' id='word_1_145' title='bbox 928 1966 1095 2033; x_wconf 80' lang='lat' dir='ltr'><strong><em>Pincianus</em></strong></span> <span class='ocrx_word' id='word_1_146' title='bbox 1129 1964 1266 2030; x_wconf 90' lang='lat' dir='ltr'><strong>coniecit</strong></span> 
     </span>
     <span class='ocr_line' id='line_1_17' title="bbox 165 2073 1265 2157; baseline 0 -17"><span class='ocrx_word' id='word_1_147' title='bbox 165 2084 286 2140; x_wconf 79' lang='lat' dir='ltr'><strong>mortem</strong></span> <span class='ocrx_word' id='word_1_148' title='bbox 307 2078 364 2140; x_wconf 84' lang='lat' dir='ltr'><strong>aut</strong></span> <span class='ocrx_word' id='word_1_149' title='bbox 388 2073 544 2140; x_wconf 85' lang='lat' dir='ltr'><strong>Gruterus</strong></span> <span class='ocrx_word' id='word_1_150' title='bbox 566 2082 663 2150; x_wconf 80' lang='lat' dir='ltr'><strong>letam,</strong></span> <span class='ocrx_word' id='word_1_151' title='bbox 687 2093 757 2141; x_wconf 87' lang='lat' dir='ltr'><strong>eam</strong></span> <span class='ocrx_word' id='word_1_152' title='bbox 770 2077 809 2142; x_wconf 96' lang='lat' dir='ltr'><strong>ob</strong></span> <span class='ocrx_word' id='word_1_153' title='bbox 833 2095 959 2143; x_wconf 86' lang='lat' dir='ltr'><strong>causam</strong></span> <span class='ocrx_word' id='word_1_154' title='bbox 981 2093 1043 2141; x_wconf 92' lang='lat' dir='ltr'><strong>non</strong></span> <span class='ocrx_word' id='word_1_155' title='bbox 1064 2076 1163 2157; x_wconf 92' lang='lat' dir='ltr'><strong>probo</strong></span> <span class='ocrx_word' id='word_1_156' title='bbox 1185 2075 1265 2155; x_wconf 82' lang='lat' dir='ltr'><strong>quia</strong></span> 
     </span>
     <span class='ocr_line' id='line_1_18' title="bbox 164 2184 1262 2266; baseline 0.003 -18"><span class='ocrx_word' id='word_1_157' title='bbox 164 2185 261 2249; x_wconf 91' lang='lat' dir='ltr'><strong>talem</strong></span> <span class='ocrx_word' id='word_1_158' title='bbox 282 2184 503 2249; x_wconf 85' lang='lat' dir='ltr'><strong>necessitatem</strong></span> <span class='ocrx_word' id='word_1_159' title='bbox 523 2187 612 2265; x_wconf 86' lang='lat' dir='ltr'><strong>optat</strong></span> <span class='ocrx_word' id='word_1_160' title='bbox 642 2185 761 2250; x_wconf 88' lang='lat' dir='ltr'><strong>amicus</strong></span> <span class='ocrx_word' id='word_1_161' title='bbox 782 2209 870 2266; x_wconf 77' lang='lat' dir='ltr'><strong><em>qaam</em></strong></span> <span class='ocrx_word' id='word_1_162' title='bbox 895 2191 1042 2250; x_wconf 78' lang='lat' dir='ltr'><strong>adiutorio</strong></span> <span class='ocrx_word' id='word_1_163' title='bbox 1071 2208 1124 2250; x_wconf 83' lang='lat' dir='ltr'><strong>sao</strong></span> <span class='ocrx_word' id='word_1_164' title='bbox 1142 2190 1262 2264; x_wconf 68' lang='lat' dir='ltr'><strong>fideque</strong></span> 
     </span>
     <span class='ocr_line' id='line_1_19' title="bbox 165 2290 1265 2378; baseline 0.002 -20"><span class='ocrx_word' id='word_1_165' title='bbox 165 2299 305 2360; x_wconf 70' lang='lat' dir='ltr'><strong>abactae</strong></span> <span class='ocrx_word' id='word_1_166' title='bbox 328 2292 362 2376; x_wconf 66' lang='grc' dir='ltr'><strong>(ξ</strong></span> <span class='ocrx_word' id='word_1_167' title='bbox 378 2294 422 2376; x_wconf 82' lang='lat'><strong>2).</strong></span> <span class='ocrx_word' id='word_1_168' title='bbox 456 2292 489 2358; x_wconf 86' lang='lat' dir='ltr'><strong>Si</strong></span> <span class='ocrx_word' id='word_1_169' title='bbox 507 2301 640 2360; x_wconf 85' lang='lat' dir='ltr'><strong>morbum</strong></span> <span class='ocrx_word' id='word_1_170' title='bbox 656 2295 827 2378; x_wconf 86' lang='lat' dir='ltr'><strong>scripseria,</strong></span> <span class='ocrx_word' id='word_1_171' title='bbox 848 2294 950 2361; x_wconf 89' lang='lat' dir='ltr'><strong>omnia</strong></span> <span class='ocrx_word' id='word_1_172' title='bbox 971 2295 1102 2360; x_wconf 87' lang='lat' dir='ltr'><strong>tolletur</strong></span> <span class='ocrx_word' id='word_1_173' title='bbox 1121 2290 1265 2360; x_wconf 88' lang='lat' dir='ltr'><strong>offensio.</strong></span> 
     </span>
    </p>
   </div>
   <div class='ocr_carea' id='block_1_3' title="bbox 160 2418 1264 4355">
    <p class='ocr_par' dir='ltr' id='par_1_5' title="bbox 160 2418 1264 3808">
     <span class='ocr_line' id='line_1_20' title="bbox 261 2418 1261 2504; baseline -0.002 -19"><span class='ocrx_word' id='word_1_174' title='bbox 261 2418 374 2496; x_wconf 83' lang='lat' dir='ltr'><strong>Quarti</strong></span> <span class='ocrx_word' id='word_1_175' title='bbox 396 2424 432 2483; x_wconf 87' lang='lat' dir='ltr'><strong>nt</strong></span> <span class='ocrx_word' id='word_1_176' title='bbox 453 2419 579 2487; x_wconf 87' lang='lat' dir='ltr'><strong>videtur</strong></span> <span class='ocrx_word' id='word_1_177' title='bbox 595 2421 719 2503; x_wconf 84' lang='lat' dir='ltr'><strong>generis</strong></span> <span class='ocrx_word' id='word_1_178' title='bbox 741 2422 921 2504; x_wconf 86' lang='lat' dir='ltr'><strong>exemplum</strong></span> <span class='ocrx_word' id='word_1_179' title='bbox 940 2439 1023 2487; x_wconf 92' lang='lat' dir='ltr'><strong>nunc</strong></span> <span class='ocrx_word' id='word_1_180' title='bbox 1044 2424 1261 2496; x_wconf 84' lang='lat' dir='ltr'><strong>tractaturum</strong></span> 
     </span>
     <span class='ocr_line' id='line_1_21' title="bbox 161 2527 1261 2610; baseline 0.001 -18"><span class='ocrx_word' id='word_1_181' title='bbox 161 2527 305 2594; x_wconf 89' lang='lat' dir='ltr'><strong>incidisse</strong></span> <span class='ocrx_word' id='word_1_182' title='bbox 326 2545 378 2593; x_wconf 93' lang='lat' dir='ltr'><strong>me</strong></span> <span class='ocrx_word' id='word_1_183' title='bbox 398 2527 432 2593; x_wconf 92' lang='lat' dir='ltr'><strong>in</strong></span> <span class='ocrx_word' id='word_1_184' title='bbox 447 2527 631 2595; x_wconf 90' lang='lat' dir='ltr'><strong>oblivionem</strong></span> <span class='ocrx_word' id='word_1_185' title='bbox 646 2530 793 2610; x_wconf 88' lang='lat' dir='ltr'><strong>promissi</strong></span> <span class='ocrx_word' id='word_1_186' title='bbox 816 2531 877 2597; x_wconf 91' lang='lat' dir='ltr'><strong>mei</strong></span> <span class='ocrx_word' id='word_1_187' title='bbox 899 2549 940 2597; x_wconf 90' lang='lat' dir='ltr'><strong>ne</strong></span> <span class='ocrx_word' id='word_1_188' title='bbox 954 2530 1072 2607; x_wconf 88' lang='lat' dir='ltr'><strong>credas,</strong></span> <span class='ocrx_word' id='word_1_189' title='bbox 1097 2527 1261 2595; x_wconf 90' lang='lat' dir='ltr'><strong>nonenim</strong></span> 
     </span>
     <span class='ocr_line' id='line_1_22' title="bbox 162 2636 1263 2720; baseline 0.005 -20"><span class='ocrx_word' id='word_1_190' title='bbox 162 2636 270 2701; x_wconf 88' lang='lat' dir='ltr'><strong>multis</strong></span> <span class='ocrx_word' id='word_1_191' title='bbox 291 2637 443 2704; x_wconf 89' lang='lat' dir='ltr'><strong>molestus</strong></span> <span class='ocrx_word' id='word_1_192' title='bbox 465 2656 527 2704; x_wconf 88' lang='lat' dir='ltr'><strong>ero.</strong></span> <span class='ocrx_word' id='word_1_193' title='bbox 571 2638 640 2705; x_wconf 85' lang='lat' dir='ltr'><strong>Hoc</strong></span> <span class='ocrx_word' id='word_1_194' title='bbox 660 2643 768 2706; x_wconf 89' lang='lat' dir='ltr'><strong>tamen</strong></span> <span class='ocrx_word' id='word_1_195' title='bbox 788 2657 859 2705; x_wconf 89' lang='lat' dir='ltr'><strong>cum</strong></span> <span class='ocrx_word' id='word_1_196' title='bbox 882 2659 902 2705; x_wconf 91' lang='lat' dir='ltr'><strong>a</strong></span> <span class='ocrx_word' id='word_1_197' title='bbox 923 2644 1037 2720; x_wconf 87' lang='lat' dir='ltr'><strong>quarto</strong></span> <span class='ocrx_word' id='word_1_198' title='bbox 1067 2638 1099 2704; x_wconf 95' lang='lat' dir='ltr'><strong>in</strong></span> <span class='ocrx_word' id='word_1_199' title='bbox 1120 2640 1263 2705; x_wconf 89' lang='lat' dir='ltr'><strong>alterum</strong></span> 
     </span>
     <span class='ocr_line' id='line_1_23' title="bbox 160 2743 1264 2831; baseline 0.004 -19"><span class='ocrx_word' id='word_1_200' title='bbox 160 2743 416 2813; x_wconf 88' lang='lat' dir='ltr'><strong>transferendum</strong></span> <span class='ocrx_word' id='word_1_201' title='bbox 439 2748 615 2829; x_wconf 83' lang='lat' dir='ltr'><strong>aestimem,</strong></span> <span class='ocrx_word' id='word_1_202' title='bbox 637 2747 773 2814; x_wconf 88' lang='lat' dir='ltr'><strong>libenter</strong></span> <span class='ocrx_word' id='word_1_203' title='bbox 795 2748 915 2817; x_wconf 86' lang='lat' dir='ltr'><strong>audias.</strong></span> <span class='ocrx_word' id='word_1_204' title='bbox 958 2749 1114 2831; x_wconf 84' lang='lat' dir='ltr'><strong>Loquitur</strong></span> <span class='ocrx_word' id='word_1_205' title='bbox 1141 2747 1264 2816; x_wconf 82' lang='lat' dir='ltr'><strong>Seneca</strong></span> 
     </span>
     <span class='ocr_line' id='line_1_24' title="bbox 162 2854 1262 2940; baseline -0.003 -18"><span class='ocrx_word' id='word_1_206' title='bbox 162 2856 412 2938; x_wconf 76' lang='lat' dir='ltr'><strong>n.q.1149,1</strong></span> <span class='ocrx_word' id='word_1_207' title='bbox 437 2854 476 2919; x_wconf 91' lang='lat' dir='ltr'><strong>de</strong></span> <span class='ocrx_word' id='word_1_208' title='bbox 502 2855 680 2922; x_wconf 88' lang='lat' dir='ltr'><strong>nominibus</strong></span> <span class='ocrx_word' id='word_1_209' title='bbox 702 2855 815 2937; x_wconf 88' lang='lat' dir='ltr'><strong>quibus</strong></span> <span class='ocrx_word' id='word_1_210' title='bbox 840 2856 967 2923; x_wconf 86' lang='lat' dir='ltr'><strong>diversa</strong></span> <span class='ocrx_word' id='word_1_211' title='bbox 996 2856 1130 2922; x_wconf 81' lang='lat' dir='ltr'><strong>fulmina</strong></span> <span class='ocrx_word' id='word_1_212' title='bbox 1157 2855 1262 2940; x_wconf 81' lang='lat' dir='ltr'><strong>desig-</strong></span> 
     </span>
     <span class='ocr_line' id='line_1_25' title="bbox 161 2962 1263 3045; baseline 0.001 -14"><span class='ocrx_word' id='word_1_213' title='bbox 161 2965 284 3031; x_wconf 90' lang='lat' dir='ltr'><strong>naverit</strong></span> <span class='ocrx_word' id='word_1_214' title='bbox 297 2963 459 3030; x_wconf 81' lang='lat' dir='ltr'><strong>Caecinna</strong></span> <span class='ocrx_word' id='word_1_215' title='bbox 484 2962 566 3028; x_wconf 87' lang='lat' dir='ltr'><strong>Sunt</strong></span> <span class='ocrx_word' id='word_1_216' title='bbox 580 2962 613 3028; x_wconf 92' lang='lat' dir='ltr'><strong>in</strong></span> <span class='ocrx_word' id='word_1_217' title='bbox 627 2963 675 3029; x_wconf 91' lang='lat' dir='ltr'><strong>his</strong></span> <span class='ocrx_word' id='word_1_218' title='bbox 684 2968 837 3044; x_wconf 77' lang='lat' dir='ltr'><strong>pacifera,</strong></span> <span class='ocrx_word' id='word_1_219' title='bbox 860 2987 939 3045; x_wconf 78' lang='lat' dir='ltr'><strong>qaae</strong></span> <span class='ocrx_word' id='word_1_220' title='bbox 949 2973 1070 3030; x_wconf 83' lang='lat' dir='ltr'><strong>mortem</strong></span> <span class='ocrx_word' id='word_1_221' title='bbox 1085 2969 1263 3044; x_wconf 73' lang='lat' dir='ltr'><strong>miliariam</strong></span> 
     </span>
     <span class='ocr_line' id='line_1_26' title="bbox 160 3070 1261 3154; baseline 0 -16"><span class='ocrx_word' id='word_1_222' title='bbox 160 3079 349 3152; x_wconf 75' lang='lat' dir='ltr'><strong>putandam.</strong></span> <span class='ocrx_word' id='word_1_223' title='bbox 392 3073 488 3137; x_wconf 85' lang='lat' dir='ltr'><strong>Recte</strong></span> <span class='ocrx_word' id='word_1_224' title='bbox 504 3071 559 3137; x_wconf 86' lang='lat' dir='ltr'><strong>illa</strong></span> <span class='ocrx_word' id='word_1_225' title='bbox 579 3071 713 3137; x_wconf 86' lang='lat' dir='ltr'><strong>fulmina</strong></span> <span class='ocrx_word' id='word_1_226' title='bbox 725 3070 875 3153; x_wconf 79' lang='lat' dir='ltr'><strong>pestifera</strong></span> <span class='ocrx_word' id='word_1_227' title='bbox 898 3074 1014 3150; x_wconf 84' lang='lat' dir='ltr'><strong>vocari,</strong></span> <span class='ocrx_word' id='word_1_228' title='bbox 1035 3073 1110 3154; x_wconf 90' lang='lat' dir='ltr'><strong>quia</strong></span> <span class='ocrx_word' id='word_1_229' title='bbox 1124 3078 1261 3138; x_wconf 88' lang='lat' dir='ltr'><strong>mortem</strong></span> 
     </span>
     <span class='ocr_line' id='line_1_27' title="bbox 162 3180 1263 3265; baseline 0.004 -20"><span class='ocrx_word' id='word_1_230' title='bbox 162 3185 360 3262; x_wconf 84' lang='lat' dir='ltr'><strong>augurentur</strong></span> <span class='ocrx_word' id='word_1_231' title='bbox 374 3198 464 3246; x_wconf 93' lang='lat' dir='ltr'><strong>nemo</strong></span> <span class='ocrx_word' id='word_1_232' title='bbox 481 3181 620 3263; x_wconf 82' lang='lat' dir='ltr'><strong>negabit,</strong></span> <span class='ocrx_word' id='word_1_233' title='bbox 638 3182 712 3261; x_wconf 89' lang='lat' dir='ltr'><strong>quia</strong></span> <span class='ocrx_word' id='word_1_234' title='bbox 727 3180 867 3262; x_wconf 84' lang='lat' dir='ltr'><strong>exilium,</strong></span> <span class='ocrx_word' id='word_1_235' title='bbox 886 3200 950 3248; x_wconf 93' lang='lat' dir='ltr'><strong>non</strong></span> <span class='ocrx_word' id='word_1_236' title='bbox 964 3183 1049 3249; x_wconf 89' lang='lat' dir='ltr'><strong>item.</strong></span> <span class='ocrx_word' id='word_1_237' title='bbox 1091 3182 1172 3247; x_wconf 86' lang='lat' dir='ltr'><strong>Tum</strong></span> <span class='ocrx_word' id='word_1_238' title='bbox 1187 3188 1263 3265; x_wconf 87' lang='lat' dir='ltr'><strong>post</strong></span> 
     </span>
     <span class='ocr_line' id='line_1_28' title="bbox 162 3289 1263 3372; baseline 0.002 -18"><span class='ocrx_word' id='word_1_239' title='bbox 162 3291 273 3355; x_wconf 87' lang='lat' dir='ltr'><strong>mortis</strong></span> <span class='ocrx_word' id='word_1_240' title='bbox 287 3291 471 3354; x_wconf 87' lang='lat' dir='ltr'><strong>memoriam</strong></span> <span class='ocrx_word' id='word_1_241' title='bbox 493 3289 604 3356; x_wconf 81' lang='lat' dir='ltr'><strong>fortior</strong></span> <span class='ocrx_word' id='word_1_242' title='bbox 622 3309 683 3356; x_wconf 84' lang='lat' dir='ltr'><strong>vox</strong></span> <span class='ocrx_word' id='word_1_243' title='bbox 699 3295 910 3372; x_wconf 83' lang='lat' dir='ltr'><strong>exspectatur.</strong></span> <span class='ocrx_word' id='word_1_244' title='bbox 960 3291 1051 3368; x_wconf 81' lang='lat' dir='ltr'><strong>Quod</strong></span> <span class='ocrx_word' id='word_1_245' title='bbox 1072 3290 1263 3357; x_wconf 86' lang='lat' dir='ltr'><strong>vocabulum</strong></span> 
     </span>
     <span class='ocr_line' id='line_1_29' title="bbox 167 3397 1263 3480; baseline 0.003 -16"><span class='ocrx_word' id='word_1_246' title='bbox 167 3397 274 3464; x_wconf 89' lang='lat' dir='ltr'><strong>sensui</strong></span> <span class='ocrx_word' id='word_1_247' title='bbox 296 3398 399 3480; x_wconf 80' lang='lat' dir='ltr'><strong>magis</strong></span> <span class='ocrx_word' id='word_1_248' title='bbox 420 3399 616 3466; x_wconf 90' lang='lat' dir='ltr'><strong>commodum</strong></span> <span class='ocrx_word' id='word_1_249' title='bbox 632 3401 675 3466; x_wconf 88' lang='lat' dir='ltr'><strong>sit</strong></span> <span class='ocrx_word' id='word_1_250' title='bbox 695 3417 791 3480; x_wconf 88' lang='lat' dir='ltr'><strong>quam</strong></span> <span class='ocrx_word' id='word_1_251' title='bbox 813 3406 933 3466; x_wconf 77' lang='lat' dir='ltr'><strong>amttam</strong></span> <span class='ocrx_word' id='word_1_252' title='bbox 954 3401 1066 3466; x_wconf 90' lang='lat' dir='ltr'><strong>nescio.</strong></span> <span class='ocrx_word' id='word_1_253' title='bbox 1108 3397 1263 3467; x_wconf 83' lang='lat' dir='ltr'><strong>Gonieras</strong></span> 
     </span>
     <span class='ocr_line' id='line_1_30' title="bbox 168 3505 1264 3589; baseline 0.003 -20"><span class='ocrx_word' id='word_1_254' title='bbox 168 3506 262 3577; x_wconf 89' lang='lat' dir='ltr'><strong>velim</strong></span> <span class='ocrx_word' id='word_1_255' title='bbox 284 3505 325 3572; x_wconf 89' lang='lat' dir='ltr'><strong>di.</strong></span> <span class='ocrx_word' id='word_1_256' title='bbox 344 3507 395 3572; x_wconf 91' lang='lat' dir='ltr'><strong>III</strong></span> <span class='ocrx_word' id='word_1_257' title='bbox 418 3509 447 3586; x_wconf 85' lang='lat'><strong>2,</strong></span> <span class='ocrx_word' id='word_1_258' title='bbox 471 3507 487 3571; x_wconf 90' lang='lat'>1</span> <span class='ocrx_word' id='word_1_259' title='bbox 515 3505 568 3570; x_wconf 92' lang='lat' dir='ltr'><strong>ubi</strong></span> <span class='ocrx_word' id='word_1_260' title='bbox 589 3506 702 3572; x_wconf 91' lang='lat' dir='ltr'><strong>merito</strong></span> <span class='ocrx_word' id='word_1_261' title='bbox 716 3507 766 3571; x_wconf 90' lang='lat' dir='ltr'><strong>ira</strong></span> <span class='ocrx_word' id='word_1_262' title='bbox 779 3505 968 3588; x_wconf 86' lang='lat' dir='ltr'><strong>gravissima</strong></span> <span class='ocrx_word' id='word_1_263' title='bbox 984 3505 1114 3572; x_wconf 87' lang='lat' dir='ltr'><strong>humani</strong></span> <span class='ocrx_word' id='word_1_264' title='bbox 1135 3505 1264 3589; x_wconf 82' lang='lat' dir='ltr'><strong>generis</strong></span> 
     </span>
     <span class='ocr_line' id='line_1_31' title="bbox 165 3613 1261 3698; baseline 0.002 -18"><span class='ocrx_word' id='word_1_265' title='bbox 165 3617 263 3697; x_wconf 90' lang='lat' dir='ltr'><strong>pestis</strong></span> <span class='ocrx_word' id='word_1_266' title='bbox 291 3616 481 3696; x_wconf 87' lang='lat' dir='ltr'><strong>nominatur,</strong></span> <span class='ocrx_word' id='word_1_267' title='bbox 509 3617 583 3696; x_wconf 90' lang='lat' dir='ltr'><strong>quia</strong></span> <span class='ocrx_word' id='word_1_268' title='bbox 608 3617 691 3686; x_wconf 87' lang='lat' dir='ltr'><strong>inter</strong></span> <span class='ocrx_word' id='word_1_269' title='bbox 716 3613 846 3683; x_wconf 82' lang='lat' dir='ltr'><strong>effectus</strong></span> <span class='ocrx_word' id='word_1_270' title='bbox 872 3620 1001 3698; x_wconf 89' lang='lat' dir='ltr'><strong>praeter</strong></span> <span class='ocrx_word' id='word_1_271' title='bbox 1028 3615 1092 3682; x_wconf 89' lang='lat' dir='ltr'><strong>alia</strong></span> <span class='ocrx_word' id='word_1_272' title='bbox 1118 3621 1261 3683; x_wconf 89' lang='lat' dir='ltr'><strong>totarum</strong></span> 
     </span>
     <span class='ocr_line' id='line_1_32' title="bbox 164 3725 521 3808; baseline 0.003 -18"><span class='ocrx_word' id='word_1_273' title='bbox 164 3725 306 3808; x_wconf 82' lang='lat' dir='ltr'><strong>gentium</strong></span> <span class='ocrx_word' id='word_1_274' title='bbox 331 3725 428 3790; x_wconf 82' lang='lat' dir='ltr'><strong>exitia</strong></span> <span class='ocrx_word' id='word_1_275' title='bbox 449 3726 521 3791; x_wconf 83' lang='lat' dir='ltr'><strong>sint</strong></span> 
     </span>
    </p>

    <p class='ocr_par' dir='ltr' id='par_1_6' title="bbox 162 3833 1264 4355">
     <span class='ocr_line' id='line_1_33' title="bbox 265 3833 1261 3920; baseline 0.005 -22"><span class='ocrx_word' id='word_1_276' title='bbox 265 3833 370 3899; x_wconf 88' lang='lat' dir='ltr'><strong>Verba</strong></span> <span class='ocrx_word' id='word_1_277' title='bbox 390 3841 436 3899; x_wconf 78' lang='lat' dir='ltr'><strong>aie</strong></span> <span class='ocrx_word' id='word_1_278' title='bbox 461 3836 494 3901; x_wconf 84' lang='lat' dir='ltr'><strong>et</strong></span> <span class='ocrx_word' id='word_1_279' title='bbox 514 3842 642 3915; x_wconf 79' lang='lat' dir='ltr'><strong>potestas</strong></span> <span class='ocrx_word' id='word_1_280' title='bbox 673 3852 771 3914; x_wconf 90' lang='lat' dir='ltr'><strong>supra</strong></span> <span class='ocrx_word' id='word_1_281' title='bbox 796 3852 907 3917; x_wconf 84' lang='lat' dir='ltr'><strong>perae</strong></span> <span class='ocrx_word' id='word_1_282' title='bbox 930 3836 1102 3920; x_wconf 87' lang='lat' dir='ltr'><strong>composita</strong></span> <span class='ocrx_word' id='word_1_283' title='bbox 1124 3836 1261 3903; x_wconf 85' lang='lat' dir='ltr'><strong>vidimus</strong></span> 
     </span>
     <span class='ocr_line' id='line_1_34' title="bbox 162 3942 1258 4026; baseline 0.005 -20"><span class='ocrx_word' id='word_1_284' title='bbox 162 3943 256 4024; x_wconf 88' lang='lat' dir='ltr'><strong>idque</strong></span> <span class='ocrx_word' id='word_1_285' title='bbox 276 3947 406 4024; x_wconf 88' lang='lat' dir='ltr'><strong>propter</strong></span> <span class='ocrx_word' id='word_1_286' title='bbox 416 3942 606 4024; x_wconf 84' lang='lat' dir='ltr'><strong>gravitatem</strong></span> <span class='ocrx_word' id='word_1_287' title='bbox 617 3944 785 4009; x_wconf 84' lang='lat' dir='ltr'><strong>verborum</strong></span> <span class='ocrx_word' id='word_1_288' title='bbox 808 3942 925 4008; x_wconf 87' lang='lat' dir='ltr'><strong>iactum</strong></span> <span class='ocrx_word' id='word_1_289' title='bbox 948 3961 1017 4012; x_wconf 90' lang='lat' dir='ltr'><strong>esse</strong></span> <span class='ocrx_word' id='word_1_290' title='bbox 1039 3944 1149 4025; x_wconf 78' lang='lat' dir='ltr'><strong>sentio,</strong></span> <span class='ocrx_word' id='word_1_291' title='bbox 1170 3945 1258 4026; x_wconf 88' lang='lat' dir='ltr'><strong>quod</strong></span> 
     </span>
     <span class='ocr_line' id='line_1_35' title="bbox 162 4053 1260 4138; baseline 0.004 -21"><span class='ocrx_word' id='word_1_292' title='bbox 162 4055 200 4117; x_wconf 90' lang='lat' dir='ltr'><strong>ut</strong></span> <span class='ocrx_word' id='word_1_293' title='bbox 218 4053 440 4133; x_wconf 85' lang='lat' dir='ltr'><strong>comprobetur</strong></span> <span class='ocrx_word' id='word_1_294' title='bbox 470 4053 533 4117; x_wconf 85' lang='lat' dir='ltr'><strong>alia</strong></span> <span class='ocrx_word' id='word_1_295' title='bbox 561 4070 773 4134; x_wconf 86' lang='lat' dir='ltr'><strong>proponamus</strong></span> <span class='ocrx_word' id='word_1_296' title='bbox 801 4053 954 4138; x_wconf 80' lang='lat' dir='ltr'><strong>exempla,</strong></span> <span class='ocrx_word' id='word_1_297' title='bbox 984 4054 1015 4118; x_wconf 92' lang='lat' dir='ltr'><strong>in</strong></span> <span class='ocrx_word' id='word_1_298' title='bbox 1043 4053 1157 4136; x_wconf 89' lang='lat' dir='ltr'><strong>quibus</strong></span> <span class='ocrx_word' id='word_1_299' title='bbox 1174 4055 1260 4122; x_wconf 91' lang='lat' dir='ltr'><strong>idem</strong></span> 
     </span>
     <span class='ocr_line' id='line_1_36' title="bbox 165 4160 1264 4248; baseline 0.007 -22"><span class='ocrx_word' id='word_1_300' title='bbox 165 4160 294 4228; x_wconf 86' lang='lat' dir='ltr'><strong>verbum</strong></span> <span class='ocrx_word' id='word_1_301' title='bbox 314 4169 360 4227; x_wconf 78' lang='lat' dir='ltr'><strong>ate</strong></span> <span class='ocrx_word' id='word_1_302' title='bbox 380 4161 465 4227; x_wconf 90' lang='lat' dir='ltr'><strong>aliud</strong></span> <span class='ocrx_word' id='word_1_303' title='bbox 489 4162 599 4229; x_wconf 91' lang='lat' dir='ltr'><strong>similis</strong></span> <span class='ocrx_word' id='word_1_304' title='bbox 620 4180 731 4229; x_wconf 86' lang='lat' dir='ltr'><strong>sensus</strong></span> <span class='ocrx_word' id='word_1_305' title='bbox 752 4162 938 4243; x_wconf 87' lang='lat' dir='ltr'><strong>praecurrit.</strong></span> <span class='ocrx_word' id='word_1_306' title='bbox 972 4165 1097 4247; x_wconf 85' lang='lat' dir='ltr'><strong>Inspice</strong></span> <span class='ocrx_word' id='word_1_307' title='bbox 1126 4182 1202 4248; x_wconf 81' lang='lat' dir='ltr'><strong>ergo</strong></span> <span class='ocrx_word' id='word_1_308' title='bbox 1231 4174 1264 4234; x_wconf 82' lang='lat' dir='ltr'><strong>m·</strong></span> 
     </span>
     <span class='ocr_line' id='line_1_37' title="bbox 164 4251 1257 4355; baseline 0.005 -18"><span class='ocrx_word' id='word_1_309' title='bbox 164 4295 199 4345; x_wconf 88' lang='lat' dir='ltr'><strong>ac</strong></span> <span class='ocrx_word' id='word_1_310' title='bbox 219 4273 296 4338; x_wconf 79' lang='lat' dir='ltr'><strong>metm</strong></span> <span class='ocrx_word' id='word_1_311' title='bbox 316 4271 344 4338; x_wconf 87' lang='lat' dir='ltr'><strong>d.</strong></span> <span class='ocrx_word' id='word_1_312' title='bbox 373 4271 402 4337; x_wconf 88' lang='lat' dir='ltr'><strong>b.</strong></span> <span class='ocrx_word' id='word_1_313' title='bbox 425 4271 441 4337; x_wconf 96' lang='lat' dir='ltr'>I</span> <span class='ocrx_word' id='word_1_314' title='bbox 461 4270 491 4353; x_wconf 86' lang='grc'><strong>9,</strong></span> <span class='ocrx_word' id='word_1_315' title='bbox 515 4273 543 4337; x_wconf 87' lang='lat'><strong>5.</strong></span> <span class='ocrx_word' id='word_1_316' title='bbox 586 4279 631 4338; x_wconf 82' lang='lat' dir='ltr'><strong>m&#39;s</strong></span> <span class='ocrx_word' id='word_1_317' title='bbox 658 4295 693 4340; x_wconf 88' lang='lat' dir='ltr'><strong>ac</strong></span> <span class='ocrx_word' id='word_1_318' title='bbox 713 4280 855 4340; x_wconf 81' lang='lat' dir='ltr'><strong>severitas</strong></span> <span class='ocrx_word' id='word_1_319' title='bbox 875 4271 905 4337; x_wconf 86' lang='lat' dir='ltr'><strong>d.</strong></span> <span class='ocrx_word' id='word_1_320' title='bbox 934 4272 963 4340; x_wconf 90' lang='lat' dir='ltr'><strong>b.</strong></span> <span class='ocrx_word' id='word_1_321' title='bbox 993 4272 1036 4340; x_wconf 93' lang='lat' dir='ltr'><strong>VI</strong></span> <span class='ocrx_word' id='word_1_322' title='bbox 1063 4275 1113 4355; x_wconf 84' lang='lat'><strong>24,</strong></span> <span class='ocrx_word' id='word_1_323' title='bbox 1135 4251 1184 4339; x_wconf 79' lang='lat'><strong>2.&#39;</strong></span> <span class='ocrx_word' id='word_1_324' title='bbox 1209 4281 1257 4343; x_wconf 80' lang='lat' dir='ltr'><strong>uie</strong></span> 
     </span>
    </p>
   </div>
   <div class='ocr_carea' id='block_1_4' title="bbox 0 0 1380 4724">
    <p class='ocr_par' dir='ltr' id='par_1_7' title="bbox 0 0 1380 4724">
     <span class='ocr_line' id='line_1_38' title="bbox 0 0 1380 4724; baseline 0 0"><span class='ocrx_word' id='word_1_325' title='bbox 0 0 1380 4724; x_wconf 95' lang='lat' dir='ltr'><strong> </strong></span> 
     </span>
    </p>
   </div>
  </div>
 </body>
</html>
