2746 4724
663 258 709 325 ts

140 480 225 525 reses
259 444 381 526 exsatiet
413 479 473 526 uon
507 461 548 526 ad
580 460 672 526 flores
705 441 887 544 respiciant,
920 464 975 529 sed
1005 467 1052 531 ad
1078 484 1232 548 eosquos

140 567 282 635 amisisse
304 571 523 652 gravissimum
548 569 698 636 damnum
719 570 862 638 habetur.

237 683 356 746 Aliter
381 705 421 746 ue
445 682 485 746 di.
509 681 555 747 IX
578 682 627 762 17,
655 682 671 746 1
695 681 772 763 legis
794 688 972 762 deprehendi
992 679 1138 750 aliterue
1162 692 1234 750 solet

138 797 247 854 metuit.
772 816 773 820 ¹

236 899 274 965 N.
297 919 326 983 q.
340 902 371 966 ΙΙ
392 903 442 982 59,
467 903 486 966 5
517 900 556 966 de
578 901 699 983 impetu
722 900 961 986 eorumquiin
987 920 1145 969 summam
1176 898 1230 969 de·

137 1012 350 1090 sperationem
366 1010 468 1077 adacti
482 1015 565 1096 sunt,
586 1012 668 1079 haue
683 1010 803 1095 profert
818 1010 1008 1078 sententiam
1030 1011 1150 1082 Seuera
1171 1019 1232 1078 loa·

135 1143 226 1200 96666
249 1119 401 1187 violentias
412 1145 525 1202 semper
539 1146 575 1188 ee
594 1130 762 1189 necessitate
782 1145 869 1202 quern
883 1145 919 1186 ere
938 1127 1047 1185 oirtrrte
1067 1120 1233 1202 eondipitirr

138 1228 194 1309 (sic
214 1229 293 1295 bene
309 1229 469 1313 Hauptius
490 1233 735 1319 proeorrriritrrr),
756 1237 872 1296 maiora
891 1239 943 1295 aret
964 1238 1041 1294 eerte
1057 1236 1168 1308 peria
1187 1253 1232 1294 eo-

138 1347 229 1407 reutrrr
263 1347 379 1404 enimes
410 1363 535 1422 respires
564 1364 606 1406 ee
634 1330 779 1419 perditos.
822 1339 929 1404 Unum
960 1337 1070 1402 vitium
1103 1337 1235 1404 sustulit

137 1445 307 1529 Hauptius,
330 1449 466 1513 alterum
489 1457 525 1516 ut
546 1448 677 1514 tollatur
700 1447 856 1528 reliquum
878 1452 937 1528 est,
959 1438 996 1512 ut
1018 1445 1152 1511 duorum
1177 1446 1231 1511 ad-

137 1556 321 1622 ieetivorum
344 1557 469 1624 sedibus
492 1560 623 1624 mutatis
644 1557 800 1624 scribatur
820 1563 957 1637 perditus
977 1579 1158 1638 arnoyme.
1182 1574 1232 1636 ep.

140 1666 190 1744 90,
212 1667 254 1731 40
273 1690 343 1745 per
365 1677 429 1732 erat
449 1673 572 1732 attereres
592 1691 635 1733 ae
659 1674 708 1732 seri
729 1689 809 1732 earu.

241 1782 265 1840 Ι
267 1782 339 1840 dem
360 1800 398 1841 ae
418 1795 477 1859 ego
505 1775 631 1860 quidem
654 1777 753 1842 semel
775 1781 899 1840 tautum
920 1774 981 1857 legi
1004 1781 1081 1847 idern
1102 1781 1233 1840 deridere

138 1891 171 1949 ire
191 1891 277 1950 rebus
296 1892 428 1950 civilibus
448 1910 483 1951 ae
506 1891 667 1951 domesticis
683 1892 761 1950 seiae
782 1884 822 1948 di.
846 1884 872 1948 V
896 1885 924 1960 7,
949 1884 976 1948 1.

239 1993 334 2059 Haud
355 2012 427 2058 raro
439 1993 557 2059 Seneca
573 1994 603 2058 in
617 1992 836 2059 adverbiorum
852 1992 954 2057 locum
969 1993 1231 2074 praepositionem

138 2121 266 2168 aecum
287 2108 399 2170 neutro
423 2103 567 2170 adieetivi
597 2103 794 2168 coniunctam
822 2101 995 2180 substituit
1024 2106 1060 2167 ut
1081 2124 1117 2166 ee
1141 2123 1233 2181 arpeo

141 2229 199 2294 pro
222 2235 318 2294 deque.
343 2215 456 2295 Itaque
467 2215 592 2294 scripsit
614 2236 654 2279 ee
674 2236 783 2293 oeque
805 2234 930 2293 mappas
951 2234 992 2276 ee
1015 2216 1164 2276 vehemens
1183 2227 1231 2291 ep.

138 2323 188 2399 66,
210 2325 238 2387 6.
261 2347 303 2388 ere
323 2346 432 2404 aequo
459 2330 525 2389 boni
546 2347 581 2389 ee
600 2330 671 2387 meti
694 2320 848 2402 ferente.
876 2320 905 2386 b.
929 2320 972 2384 IV
999 2321 1049 2400 28,
1073 2321 1102 2384 2.
1146 2318 1232 2396 Quos

136 2432 220 2498 loeos
242 2432 495 2516 Rausebningius
516 2450 577 2497 uon
600 2432 710 2497 debuit
736 2431 890 2496 omittere.

241 2542 333 2609 Modo
353 2561 426 2608 eum
447 2566 481 2608 ae
502 2541 594 2607 modo
618 2559 689 2606 eum
716 2562 771 2621 que
791 2539 999 2621 compositum
1021 2539 1101 2620 legis
1122 2537 1233 2603 adver-

138 2651 223 2716 bium
240 2658 396 2730 pariter,
418 2656 515 2730 atque
530 2649 608 2715 illud
619 2649 707 2730 prius
721 2647 848 2730 quidem
864 2647 913 2713 his
932 2647 1025 2713 loeis:
1039 2668 1095 2712 seo
1115 2654 1182 2726 fata
1198 2672 1233 2727 p.

138 2783 174 2826 ae
205 2759 325 2839 publiea
358 2775 406 2839 ep.
440 2758 490 2842 94,
523 2757 574 2822 65.
606 2764 823 2836 priempere
851 2759 970 2832 feminis
991 2753 1032 2818 di.
1054 2753 1098 2818 IV
1123 2754 1180 2835 31,
1205 2755 1234 2821 6.

136 2874 246 2934 nobilia
264 2891 296 2947 p.
320 2877 407 2948 etque
426 2872 573 2931 Meneta
593 2883 623 2928 6.
645 2881 675 2944 q.
698 2864 856 2939 11129‚9.
878 2869 1008 2928 immae
1023 2880 1057 2942 p.
1081 2886 1116 2928 ae
1131 2869 1234 2928 divine
1273 2869 1284 2894 ⁰
1314 2869 1323 2888 ⁸

136 2977 177 3043 di.
198 2979 213 3042 Ι
235 2978 264 3056 5,
288 2978 317 3041 8.
340 2981 450 3042 contra
468 2996 538 3054 pere:
560 2981 676 3052 asperis
695 2979 837 3052 blandisq.
853 2995 885 3050 p.
906 2978 1031 3036 inretire
1052 2991 1100 3054 ep.
1126 2972 1175 3050 66,
1201 2973 1231 3036 6.
1249 3009 1252 3014 ·

138 3093 248 3152 dieimb
267 3091 430 3164 dammim.
453 3089 541 3148 rebus
562 3106 595 3161 p.
622 3103 732 3161 eequis
757 3095 805 3162 ep.
828 3080 897 3154 120,
927 3079 976 3145 13.
1014 3087 1047 3144 ire
1073 3087 1234 3158 perreieiem

137 3203 266 3263 eiierrem
283 3219 395 3275 seem
412 3218 445 3273 p.
467 3198 677 3258 eesedetrernm
696 3190 725 3255 d.
748 3189 785 3256 el.
799 3189 822 3253 Ι.
838 3191 865 3268 1,
890 3191 918 3254 1.
949 3194 1086 3266 infestam
1105 3212 1138 3268 p.
1156 3195 1232 3253 irrei-

136 3328 227 3386 sernq.
250 3303 291 3369 di.
313 3303 357 3368 IV
379 3303 429 3379 35,
452 3302 481 3366 5.
504 3299 647 3384 Denique
667 3316 716 3378 ep.
740 3299 789 3381 24,
813 3297 851 3362 18
873 3305 949 3362 berre
968 3321 1001 3376 p.
1027 3304 1133 3378 meleq.
1157 3315 1231 3361 cou-

137 3416 190 3478 tra
210 3413 354 3493 regulam
367 3409 597 3490 Zumptianam
621 3405 655 3489 (ἕ
674 3407 760 3488 340),
782 3423 846 3487 qua
867 3429 901 3471 ae
924 3406 974 3472 vel
994 3415 1028 3471 et
1049 3407 1123 3486 poni
1140 3406 1233 3471 iubet

137 3521 192 3586 ubi
212 3520 273 3585 duo
294 3519 348 3586 ilie
368 3518 466 3584 verbe
486 3535 548 3582 nou
566 3518 655 3582 iuxta
676 3514 781 3598 posita
803 3515 875 3580 siut.
1279 3499 1289 3537 ·‘

245 3652 438 3718 Particulam
458 3661 485 3717 et
506 3669 576 3716 oum
592 3658 713 3730 pariter
732 3648 931 3714 coniunctam
954 3666 1015 3720 nou
1032 3648 1160 3712 memini
1181 3666 1232 3714 me

137 3764 261 3846 legisse.
304 3762 420 3826 Omnes
453 3774 559 3826 autem
586 3764 652 3824 tres
674 3757 861 3841 particulas
877 3761 973 3838 atque
994 3755 1097 3823 ‘etiam
1127 3756 1232 3822 conla-

136 3875 254 3939 tionem
277 3882 348 3943 et-et
368 3871 508 3937 admittit
529 3886 589 3934 vox
609 3874 725 3934 simei.
780 3932 789 3954 ,ἱ
988 3846 992 3856 ’
1104 3936 1108 3942 ,

209 4025 267 4081 que
286 4007 372 4062 babes
396 4025 438 4078 ep.
460 4006 486 4072 8,
506 4007 531 4058 6.
550 4022 592 4074 ep.
618 4005 661 4073 59,
679 4006 704 4058 7.
732 3998 778 4074 ep.
795 4003 838 4068 92,
867 4003 892 4059 3.
922 4002 1029 4072 epti,
1049 4003 1090 4056 10.
1119 4017 1163 4070 ep.
1183 4000 1228 4070 95,

208 4106 250 4159 70.
271 4121 314 4174 ep.
339 4105 398 4172 108,
418 4105 459 4157 16.
506 4101 533 4156 (1.
557 4100 704 4169 oles.
737 4099 775 4155 di.
792 4099 845 4155 XII
865 4100 890 4164 7,
909 4103 934 4155 6.
963 4117 990 4154 6.
1010 4097 1091 4168 q.v1
1111 4099 1152 4152 15.
1194 4112 1232 4151 ae

210 4217 252 4270 ep.
281 4201 325 4264 57,
348 4202 372 4256 3.
397 4217 439 4271 ep.
469 4201 512 4270 90,
542 4200 585 4255 25.
608 4198 646 4253 di.
675 4196 699 4251 V
726 4199 751 4262 3,
775 4199 800 4253 3.
817 4197 855 4252 di.
874 4197 914 4251 IX
938 4199 980 4262 16,
1003 4197 1027 4249 1.
1046 4194 1083 4250 di.
1104 4195 1143 4249 XI
1161 4195 1187 4264 9,
1207 4193 1232 4249 5.

207 4302 308 4368 atque
321 4296 359 4352 di.
377 4297 416 4353 v1
436 4300 477 4363 13,
498 4298 524 4354 4.
560 4301 590 4353 et
609 4312 652 4366 ep.
671 4296 714 4363 84,
734 4297 776 4350 19.
795 4293 883 4350 ettv
900 4294 946 4363 25,
966 4296 991 4350 3.
1010 4291 1047 4348 di.
1060 4291 1093 4347 V.
1112 4295 1138 4357 7,
1156 4292 1180 4344 9.
1201 4291 1229 4345 ri.
