2746 4724
663 236 704 351 br

165 497 169 504 ’
236 484 313 558 [aab
332 485 411 560 quod
431 485 640 560 quandoque
656 479 825 563 faciendum
845 489 890 546 eet
910 497 941 545 n.
964 495 994 560 q.
1015 477 1058 543 VI
1080 481 1130 560 32,
1152 483 1181 546 6.

238 587 368 654 Falsum
397 587 524 668 qiridem
552 605 615 653 non
644 588 705 654 erit
724 588 872 655 iudicium
895 588 963 654 eius
984 589 1039 671 qui
1060 597 1232 670 quaudoque

72 698 75 705 '
138 695 178 762 do
204 694 312 763 futuro
339 702 480 780 tempore
509 697 559 764 hic
587 703 775 780 usurpatum
805 715 907 778 neque
937 697 1024 763 aliud
1053 717 1122 766 esse
1146 700 1260 765 dicat.

138 822 233 885 quam
263 811 432 887 adquaudn
485 805 572 871 Idem
598 810 705 872 tamen
730 807 888 887 concedet,
915 807 1034 890 opinor,
1063 807 1230 876 discrimen

138 914 291 981 interesse
320 915 401 980 inter
428 914 487 981 hos
514 916 600 982 locos
630 918 663 980 et
692 915 763 982 illos
790 917 920 998 priores.
963 914 1035 982 Non
1057 917 1139 983 enim
1163 917 1231 985 sola

136 1024 288 1105 temporis
310 1021 496 1106 significatio
518 1023 600 1089 inest
617 1023 697 1105 voci,
719 1023 774 1090 sed
796 1025 917 1091 accedit
938 1024 1118 1093 adfirmatio
1135 1046 1231 1110 quoe·

137 1131 227 1216 dam,
255 1150 319 1213 qua
340 1131 377 1198 fit
401 1137 438 1198 ut
460 1139 632 1214 quandoque
652 1131 739 1199 haud
759 1133 805 1198 ita
825 1136 935 1218 procul
957 1135 1042 1201 absit
1061 1137 1102 1203 ab
1123 1145 1232 1218 utrque

236 1247 415 1324 nauaque
442 1258 500 1323 pro
526 1248 758 1324 quandocunque
786 1243 904 1309 dictum
933 1244 1050 1310 iudices
1083 1264 1113 1310 n.
1135 1263 1165 1328 q.
1188 1245 1233 1311 VI

137 1353 168 1433 2,
192 1352 210 1416 7
231 1374 345 1418 ueceem
373 1362 417 1418 eet
435 1359 511 1418 utari
531 1359 711 1435 ubiuurque,
737 1361 963 1434 quandoque.
1008 1354 1098 1420 Duae
1125 1362 1232 1421 tamen

135 1479 250 1529 causas
271 1462 471 1529 dubitantem
491 1480 542 1530 me
563 1462 684 1529 sedunt
704 1462 743 1527 de
762 1463 896 1530 verimte
918 1464 1104 1547 scripturae.
1148 1464 1230 1530 Nam

136 1572 275 1654 primum
303 1573 430 1652 quidem
457 1573 550 1638 unius
579 1575 706 1639 tautum
733 1572 847 1639 codicis
876 1571 905 1638 Ε
930 1575 1122 1640 auctoritate
1144 1574 1231 1639 adiu-

136 1699 263 1762 vamur,
285 1698 356 1747 cum
378 1681 404 1746 B
430 1681 497 1748 sine
519 1699 618 1749 sensu
638 1681 787 1748 exhibeat
807 1705 921 1749 ueeeme
941 1693 984 1748 est
1004 1690 1112 1748 umbri
1128 1707 1234 1764 quum

138 1792 209 1855 tum
229 1791 262 1855 in
284 1789 353 1871 ipsa
375 1789 594 1857 adverbiorum
615 1792 854 1860 coniunctorum
875 1791 979 1858 forma
998 1793 1080 1858 inest
1093 1791 1233 1860 offensio.

140 1899 207 1965 Aut
229 1899 313 1965 enim
335 1897 534 1967 scribendum
562 1906 633 1968 erat
660 1908 821 1983 ubicunque
841 1910 1070 1983 quandocunque
1091 1907 1149 1967 aut
1168 1909 1232 1968 ubi·

137 2031 193 2088 que
215 2015 396 2090 quaudoque.

235 2117 374 2186 Invicem
410 2119 468 2186 sibi
506 2121 699 2203 respondent
728 2125 1101 2203 quaudoque-quaudoque
1133 2134 1234 2198 aeque

139 2227 280 2294 valentia
308 2245 346 2294 sc
367 2236 556 2296 uada-unda
576 2229 628 2295 vel
659 2230 764 2312 potius
787 2229 979 2310 respondere
1005 2228 1063 2294 sibi
1087 2225 1234 2293 videntur

53 2378 57 2385 -
140 2354 215 2418 u..q.
236 2338 253 2402 I
276 2338 303 2420 1,
326 2338 365 2403 15
386 2343 599 2419 quaudoque
620 2360 688 2419 erqo
702 2342 779 2414 fiunt
793 2344 900 2416 trabes,
914 2340 1233 2418 quaudoqueeb‘peu‘.

140 2448 251 2514 Altero
288 2447 372 2513 euim
407 2447 476 2516 loco
512 2446 782 2514 consentientibus
814 2447 841 2512 E
874 2449 908 2513 et
938 2445 964 2510 B
998 2446 1152 2513 traditum
1184 2449 1235 2512 est

139 2563 266 2638 quaen

237 2667 327 2734 Unus
353 2666 453 2749 igitur
480 2672 582 2734 restat
607 2667 694 2734 locus
722 2666 777 2747 qui
805 2667 901 2748 plane
930 2671 1102 2747 quaudoque
1127 2683 1185 2745 pro
1207 2673 1235 2730 et

138 2785 255 2858 maudo
281 2775 429 2844 exhibere
451 2777 607 2843 videatur.
650 2777 772 2842 Nititur
792 2793 867 2841 vero
888 2792 951 2839 non
972 2773 1161 2840 auctoritate
1182 2754 1237 2840 coss

139 2888 258 2969 dicum,
294 2888 350 2956 sed
378 2886 560 2955 coniectura
580 2886 708 2953 Gertnii.
752 2887 811 2952 Est
840 2885 894 2950 ille
915 2884 945 2949 d.
967 2884 998 2950 b.
1020 2882 1065 2948 IV
1086 2884 1116 2963 9,
1139 2885 1159 2948 3
1181 2881 1236 2948 ubi

139 2997 170 3063 in
201 2997 306 3066 codiee
330 2997 360 3062 N
386 2997 432 3062 ita
453 2996 572 3080 legitur
591 3004 689 3077 daque
711 3018 777 3061 cuuu
798 3001 882 3076 etiqo,
904 3001 952 3060 eut
974 3000 1038 3058 dem
1058 2997 1234 3069 deusdedus,

136 3111 171 3171 u'd
192 3129 256 3188 apo,
275 3116 308 3173 ut
327 3115 555 3188 quaudoque
575 3111 743 3183 beneficium
762 3110 810 3168 adt.
853 3102 950 3168 Recte
975 3100 1101 3184 quidem
1128 3099 1234 3166 obser·

139 3219 197 3280 rat
223 3216 257 3281 in
278 3215 490 3295 adnotatione,
512 3221 684 3297 queamus
697 3213 835 3279 hocloco
849 3212 916 3279 sive
928 3227 986 3293 pro
998 3209 1236 3292 diquaudosive

139 3338 198 3404 pro
217 3331 366 3390 adesdum
388 3324 560 3407 accipiatur
578 3321 655 3389 ferri
675 3321 814 3407 nequire.
848 3318 1236 3402 Postponitigiturverbis

139 3439 188 3498 eui
203 3436 269 3498 deu
289 3439 464 3511 beneficium,
486 3439 524 3500 ut
544 3433 587 3499 sit
607 3441 635 3498 et
654 3437 782 3513 quaudo.
820 3427 882 3496 Sed
903 3446 974 3495 cum
997 3425 1233 3494 abhorreat-bic

140 3558 219 3608 usus
240 3560 260 3608 a
281 3559 426 3608 sermone
447 3540 629 3622 Annonam,
658 3540 714 3606 illa
736 3539 902 3604 verbomm
923 3536 1127 3618 transpositio
1146 3535 1236 3601 nobis

138 3666 202 3716 nou
221 3650 384 3734 probatur.
428 3649 557 3716 Accedit
581 3648 665 3730 quod
690 3648 793 3714 verba
814 3654 885 3729 quta
913 3652 940 3712 su·
968 3652 1050 3725 turpe
1069 3652 1159 3711 datu
1184 3667 1236 3710 uae

139 3765 289 3826 mrum
308 3780 370 3826 esee
384 3768 481 3840 qoteu
499 3781 554 3825 uae
573 3764 740 3836 buddam
754 3756 792 3824 de
806 3774 945 3839 persona
958 3757 1085 3821 tautum
1099 3754 1132 3819 iu
1147 3759 1237 3819 ants·

140 3866 322 3936 cedentibus
343 3867 527 3949 scriptorem
549 3867 707 3950 cogimsse
736 3866 857 3933 docent.
900 3863 988 3932 Nihil
1015 3881 1090 3946 ergo
1111 3867 1236 3928 mutan-

140 3976 216 4042 dum
246 3977 348 4044 iudico
367 3978 513 4060 respectu
533 3974 641 4042 habito
662 3975 790 4041 illorum
810 3974 950 4040 locorum
973 3991 1070 4055 supra
1091 3972 1235 4038 laudato·

141 4104 223 4170 rum,
237 4086 291 4152 ubi
305 4093 477 4169 quaudoque
491 4086 533 4153 ad
545 4093 645 4166 auique
654 4084 739 4150 vocis
751 4101 879 4150 sensum
888 4100 989 4167 prope
998 4081 1146 4149 accedere
1157 4080 1237 4147 vidi·

142 4213 214 4262 mus
244 4212 301 4261 uec
328 4195 497 4278 quisquam
524 4194 624 4260 talem
648 4191 806 4287 notionem
827 4189 900 4257 huic
920 4191 989 4255 ioco
1012 4190 1105 4256 valde
1125 4193 1234 4272 aptam

142 4319 212 4371 esse
235 4300 353 4370 infitias
372 4303 439 4370 ibit.
475 4302 591 4370 Similis
612 4306 747 4368 naturae
766 4304 817 4367 est
838 4300 936 4366 etium
956 4300 1069 4365 unicus
1092 4297 1236 4376 Quintili·
