2746 4724
687 219 736 297 te

167 440 308 500 demonic
327 442 387 500 stat
401 443 549 516 wadum,
568 442 647 516 ipris
664 419 759 514 operm
778 439 859 503 acris
880 442 985 509 terrac
1003 441 1161 512 potestates
1172 455 1264 512 poros

169 551 216 610 his
231 557 308 624 aaut,
329 541 446 624 fervido
466 552 580 628 torpido
600 552 689 612 crido
711 555 797 625 aare
816 550 945 611 humido.
989 543 1098 626 Neque
1119 561 1193 609 vcro
1213 542 1264 610 lic
1356 551 1360 561 “

167 653 265 720 habes
285 655 455 738 simplicem
478 656 631 736 quattuor
650 652 877 721 adiectivorum
898 652 1182 732 enumerationem,
1208 651 1265 718 sed

70 757 72 761 ’
168 763 286 846 duplex
317 782 376 847 par
398 763 558 829 notionum
590 763 830 844 contrariarum,
863 778 999 841 quarum
1021 761 1151 843 priores
1182 760 1264 826 duae

131 952 136 967 .
168 891 281 955 pamm
301 873 467 940 observata
486 873 698 939 concinnitate
719 871 873 950 sermonis
894 872 1008 952 copula
1028 874 1146 938 carent.

583 1244 586 1248 ,
627 1240 630 1245 .
663 1185 752 1252 XIII.

268 1321 315 1387 lla
336 1320 470 1403 deniquo
492 1321 638 1404 exempla
661 1319 828 1401 inquibus
852 1317 1117 1409 proquibusdam
1138 1317 1264 1385 videtur
1349 1335 1352 1341 ·

169 1429 201 1494 in
222 1430 324 1496 locum
336 1431 513 1513 particulae
535 1431 755 1526 adversativae
767 1436 864 1514 atque
875 1428 1092 1496 consecutivae
1103 1428 1263 1509 invasisse,

168 1540 242 1622 quia
263 1537 330 1606 iere
352 1541 455 1606 aliena
483 1544 559 1607 sunt
587 1559 607 1606 a
638 1541 798 1623 proposito
821 1544 930 1605 nostro
960 1539 1102 1605 consulto
1128 1539 1160 1603 in
1180 1537 1265 1604 calce

168 1635 267 1717 totius
300 1651 570 1717 commentatoris
602 1649 772 1733 posuimus.
833 1647 930 1714 Nobis
960 1647 1097 1713 nonita
1128 1646 1264 1728 videtur,

170 1758 343 1841 namquid
374 1760 415 1826 ad
444 1777 621 1838 sermonem
649 1758 792 1838 latinum,
822 1757 850 1824 si
879 1757 924 1822 illi
953 1758 1124 1824 vernacula
1155 1757 1266 1840 lingua

170 1866 273 1951 magis
297 1869 436 1933 animum
460 1869 661 1935 advertentes
685 1868 726 1934 ad
746 1868 928 1966 interiorem
940 1865 1170 1932 sententiarum
1192 1883 1265 1933 con·

168 1981 293 2045 textum
315 1979 397 2045 hanc
425 1981 580 2045 rationem
605 1979 707 2062 mama
728 1977 860 2060 exprimi
880 1975 1012 2044 volunt?
1054 1972 1169 2040 Sensus
1192 1995 1264 2058 par-

170 2085 287 2151 ticulae
305 2105 428 2169 semper
448 2105 506 2170 par
528 2087 588 2154 sibi
609 2091 659 2153 est
671 2103 727 2151 nec
739 2084 906 2166 copulandi
927 2083 1005 2152 fines
1021 2083 1264 2166 transgreditur.

168 2195 289 2260 Morem
310 2200 418 2262 tamen
446 2195 508 2262 illis
537 2214 654 2278 geram,
684 2198 722 2261 ut
742 2195 870 2261 videant
889 2194 1040 2261 Senecam
1062 2211 1186 2276 quoque
1207 2194 1264 2261 ali·

168 2304 399 2386 quotiensnon
421 2303 466 2371 ite
492 2304 669 2371 studiosum
697 2303 798 2370 fuisse
819 2303 1022 2369 accuratioris
1044 2302 1187 2370 dictionis
1207 2307 1265 2370 aut

168 2431 237 2479 essa
256 2413 402 2480 noluisse.
454 2411 652 2479 Sententiam
680 2413 779 2495 igitur
805 2412 953 2496 negative
975 2429 1158 2496 expressam
1177 2410 1264 2477 haud

168 2539 242 2588 raro
268 2523 412 2603 sequitur
445 2522 644 2588 enuntiatum
676 2520 918 2598 adfirmativum,
952 2520 1006 2587 ubi
1038 2521 1264 2605 oppositionem

170 2648 252 2714 quae
271 2631 354 2697 inest
383 2631 507 2698 duabus
535 2629 707 2711 sententiis,
730 2630 886 2713 particula
907 2653 962 2711 par
984 2629 1141 2714 designari
1163 2629 1264 2713 suspi-

172 2739 262 2807 ceris,
290 2739 385 2806 Cuius
406 2739 528 2824 generis
539 2744 588 2807 est
597 2749 755 2807 incarcere
769 2745 905 2806 Socrates
919 2745 1077 2820 deputarit
1092 2749 1119 2805 et
1135 2746 1215 2805 coire
1231 2774 1258 2786 -

169 2855 263 2916 aalait
282 2858 478 2931 renueretque
492 2867 540 2931 ep.
563 2851 612 2925 24,
633 2850 663 2914 4.
686 2848 758 2914 Alia
780 2849 925 2931 exempla
947 2849 1085 2915 invenies
1105 2834 1223 2930 ep.'59,
1237 2848 1266 2913 9.

168 2979 216 3042 ep.
241 2959 290 3040 74,
312 2960 361 3025 20.
384 2977 433 3040 ep.
455 2960 505 3039 92,
529 2958 579 3024 31.
601 2955 696 3024 di.V
723 2958 772 3037 20,
792 2959 820 3022 2.
848 2956 891 3024 di.
912 2957 958 3022 IX
987 2958 1036 3037 14,
1061 2957 1141 3023 1.(1.
1171 2957 1200 3023 b.
1222 2954 1267 3022 IV

171 3068 199 3148 1,
221 3069 249 3133 2.
273 3067 303 3132 d.
326 3066 354 3132 b.
377 3069 440 3134 VII
462 3067 490 3147 7,
513 3068 542 3132 5.
586 3065 700 3134 Differt
731 3070 838 3132 eutem
872 3066 983 3135 abhis
1010 3067 1087 3133 locis
1121 3084 1157 3133 eo
1180 3066 1265 3148 quod

168 3193 231 3241 non
245 3176 406 3258 praecedit
419 3176 555 3258 negatio,
572 3176 653 3257 quod
668 3175 786 3256 legitur
804 3194 833 3240 n.
850 3192 878 3256 q.
900 3176 933 3241 Π
949 3178 978 3257 6,
1002 3177 1019 3241 1
1038 3181 1113 3242 tanc
1134 3174 1267 3258 (aerem)

169 3291 289 3366 paidom
315 3307 351 3350 ea
375 3291 554 3350 dataatttas
583 3290 763 3363 corpusculis
789 3294 823 3349 at
847 3291 996 3364 patoercm
1025 3293 1144 3350 struant
1167 3289 1266 3364 plure-

170 3416 302 3474 mraroac
325 3417 344 3459 a
365 3415 433 3458 cero
451 3399 597 3459 recedant.
634 3392 753 3475 Negari
773 3391 899 3473 quidem
913 3410 975 3459 non
999 3397 1115 3479 potest,
1132 3393 1267 3477 speciem

170 3506 266 3583 atque
285 3499 428 3566 habitum
455 3500 568 3565 horum
590 3500 732 3566 locorum
758 3500 858 3567 talem
879 3518 956 3581 essa,
989 3503 1043 3584 qui
1069 3501 1101 3566 in
1122 3501 1267 3569 fraudem

169 3610 312 3693 impellat
340 3610 478 3677 animum
504 3613 657 3675 nostrum.
704 3609 770 3675 Nec
794 3614 903 3676 tamen
930 3611 1032 3678 minus
1060 3629 1167 3678 errare
1193 3629 1266 3677 eum

169 3717 389 3786 confitebimur
410 3718 464 3800 qui
486 3742 541 3800 que
556 3719 744 3800 particulam
759 3719 973 3800 copulativam
995 3736 1053 3802 pro
1064 3718 1266 3786 adversativa

168 3847 239 3896 esse
250 3832 343 3910 putet
361 3845 458 3909 quam
475 3828 562 3893 illum
578 3828 632 3909 qui
646 3828 854 3895 conclusionis
868 3828 931 3895 vim
944 3829 973 3893 ei
984 3827 1106 3909 induat,
1124 3828 1207 3912 quod
1225 3847 1266 3894 ne

170 3939 352 4021 Draegerus
373 3936 499 4019 quidem
532 3936 647 4004 falsum
674 3940 885 4004 commentum
915 3956 984 4004 esse
1005 3940 1111 4020 negat.
1153 3937 1269 4018 Itaque

169 4046 195 4113 si
217 4045 309 4112 huius
341 4063 467 4129 quoque
498 4052 593 4112 notae
614 4046 759 4129 exempla
781 4046 892 4126 indico,
926 4065 988 4112 non
1020 4046 1052 4112 id
1080 4044 1164 4113 facio
1190 4045 1265 4127 quia

170 4174 242 4223 vere
261 4173 330 4220 rem
351 4156 397 4222 ita
418 4175 453 4222 se
474 4154 592 4222 habere
612 4160 731 4238 putem,
757 4156 812 4222 sed
833 4157 939 4238 potius
961 4161 998 4222 ut
1023 4155 1145 4223 afalsa
1166 4155 1264 4222 inter·

167 4265 343 4348 pretatione
364 4284 402 4332 ea
419 4265 581 4357 vindicem.
631 4262 695 4333 Suo
720 4283 795 4349 orgo
825 4265 955 4334 arbitrio
980 4269 1088 4332 utetur
1120 4265 1174 4347 qui
1205 4287 1262 4347 par
