<?xml version="1.0" encoding="UTF-8"?>
<!DOCTYPE html PUBLIC "-//W3C//DTD XHTML 1.0 Transitional//EN"
    "http://www.w3.org/TR/xhtml1/DTD/xhtml1-transitional.dtd">
<html xmlns="http://www.w3.org/1999/xhtml" xml:lang="en" lang="en">
 <head>
  <title>
</title>
<meta http-equiv="Content-Type" content="text/html;charset=utf-8" />
  <meta name='ocr-system' content='tesseract 3.04.00' />
  <meta name='ocr-capabilities' content='ocr_page ocr_carea ocr_par ocr_line ocrx_word'/>
</head>
<body>
  <div class='ocr_page' id='page_1' title='image "./animadversiones00klamgoog_0066.png"; bbox 0 0 2746 4724; ppageno 0'>
   <div class='ocr_carea' id='block_1_1' title="bbox 672 261 713 327">
    <p class='ocr_par' dir='ltr' id='par_1_1' title="bbox 672 261 713 327">
     <span class='ocr_line' id='line_1_1' title="bbox 672 261 713 327; baseline -0.024 0"><span class='ocrx_word' id='word_1_1' title='bbox 672 261 713 327; x_wconf 82' lang='lat'>57</span> 
     </span>
    </p>
   </div>
   <div class='ocr_carea' id='block_1_2' title="bbox 118 459 1241 1640">
    <p class='ocr_par' dir='ltr' id='par_1_2' title="bbox 143 459 1241 1311">
     <span class='ocr_line' id='line_1_2' title="bbox 146 459 1239 546; baseline -0.005 -17"><span class='ocrx_word' id='word_1_2' title='bbox 146 471 263 530; x_wconf 75' lang='lat' dir='ltr'>desinit.</span> <span class='ocrx_word' id='word_1_3' title='bbox 308 460 407 527; x_wconf 84' lang='lat' dir='ltr'>Atat</span> <span class='ocrx_word' id='word_1_4' title='bbox 427 480 510 545; x_wconf 84' lang='lat' dir='ltr'>quae</span> <span class='ocrx_word' id='word_1_5' title='bbox 532 463 570 530; x_wconf 91' lang='lat' dir='ltr'>de</span> <span class='ocrx_word' id='word_1_6' title='bbox 591 463 651 530; x_wconf 90' lang='lat' dir='ltr'>hoc</span> <span class='ocrx_word' id='word_1_7' title='bbox 671 481 786 546; x_wconf 83' lang='lat' dir='ltr'>genere</span> <span class='ocrx_word' id='word_1_8' title='bbox 806 461 937 527; x_wconf 89' lang='lat' dir='ltr'>dicenda</span> <span class='ocrx_word' id='word_1_9' title='bbox 958 461 1033 526; x_wconf 90' lang='lat' dir='ltr'>suut</span> <span class='ocrx_word' id='word_1_10' title='bbox 1054 459 1162 523; x_wconf 85' lang='lat' dir='ltr'>stetim</span> <span class='ocrx_word' id='word_1_11' title='bbox 1183 459 1239 524; x_wconf 88' lang='lat' dir='ltr'>ab·</span> 
     </span>
     <span class='ocr_line' id='line_1_3' title="bbox 145 572 1240 654; baseline -0.005 -13"><span class='ocrx_word' id='word_1_12' title='bbox 145 573 280 654; x_wconf 87' lang='lat' dir='ltr'>solvam,</span> <span class='ocrx_word' id='word_1_13' title='bbox 302 574 489 654; x_wconf 88' lang='lat' dir='ltr'>particulam</span> <span class='ocrx_word' id='word_1_14' title='bbox 515 598 549 640; x_wconf 90' lang='lat' dir='ltr'>ae</span> <span class='ocrx_word' id='word_1_15' title='bbox 567 573 665 641; x_wconf 86' lang='lat' dir='ltr'>habes</span> <span class='ocrx_word' id='word_1_16' title='bbox 681 574 710 640; x_wconf 87' lang='lat' dir='ltr'>d.</span> <span class='ocrx_word' id='word_1_17' title='bbox 726 573 757 640; x_wconf 89' lang='lat' dir='ltr'>b.</span> <span class='ocrx_word' id='word_1_18' title='bbox 771 572 831 638; x_wconf 89' lang='lat' dir='ltr'>VH</span> <span class='ocrx_word' id='word_1_19' title='bbox 846 574 875 653; x_wconf 89' lang='grc'>9,</span> <span class='ocrx_word' id='word_1_20' title='bbox 893 572 912 637; x_wconf 88' lang='lat'>5</span> <span class='ocrx_word' id='word_1_21' title='bbox 932 577 991 636; x_wconf 82' lang='lat' dir='ltr'>nise·</span> <span class='ocrx_word' id='word_1_22' title='bbox 1010 577 1079 636; x_wconf 80' lang='lat' dir='ltr'>bine</span> <span class='ocrx_word' id='word_1_23' title='bbox 1097 592 1133 635; x_wconf 87' lang='lat' dir='ltr'>ae</span> <span class='ocrx_word' id='word_1_24' title='bbox 1154 578 1240 635; x_wconf 84' lang='lat' dir='ltr'>term</span> 
     </span>
     <span class='ocr_line' id='line_1_4' title="bbox 143 677 1241 765; baseline -0.005 -15"><span class='ocrx_word' id='word_1_25' title='bbox 143 691 325 763; x_wconf 83' lang='lat' dir='ltr'>patrimonia</span> <span class='ocrx_word' id='word_1_26' title='bbox 345 689 468 749; x_wconf 83' lang='lat' dir='ltr'>auritus</span> <span class='ocrx_word' id='word_1_27' title='bbox 488 691 613 765; x_wconf 76' lang='lat' dir='ltr'>napulie</span> <span class='ocrx_word' id='word_1_28' title='bbox 635 690 853 764; x_wconf 73' lang='lat' dir='ltr'>pependissent.</span> <span class='ocrx_word' id='word_1_29' title='bbox 899 682 1004 762; x_wconf 85' lang='lat' dir='ltr'>Atque</span> <span class='ocrx_word' id='word_1_30' title='bbox 1025 677 1241 744; x_wconf 82' lang='lat' dir='ltr'>disiunctionis</span> 
     </span>
     <span class='ocr_line' id='line_1_5' title="bbox 145 793 1241 876; baseline -0.005 -18"><span class='ocrx_word' id='word_1_31' title='bbox 145 793 324 876; x_wconf 88' lang='lat' dir='ltr'>exemplum</span> <span class='ocrx_word' id='word_1_32' title='bbox 346 793 535 874; x_wconf 81' lang='lat' dir='ltr'>conspicitur</span> <span class='ocrx_word' id='word_1_33' title='bbox 557 812 586 857; x_wconf 93' lang='lat' dir='ltr'>n.</span> <span class='ocrx_word' id='word_1_34' title='bbox 608 811 638 873; x_wconf 88' lang='lat' dir='ltr'>q.</span> <span class='ocrx_word' id='word_1_35' title='bbox 661 793 708 858; x_wconf 88' lang='lat' dir='ltr'>III</span> <span class='ocrx_word' id='word_1_36' title='bbox 731 794 781 872; x_wconf 84' lang='lat'>28,</span> <span class='ocrx_word' id='word_1_37' title='bbox 806 794 826 856; x_wconf 84' lang='lat'><strong>3</strong></span> <span class='ocrx_word' id='word_1_38' title='bbox 846 797 951 857; x_wconf 72' lang='lat' dir='ltr'>dende</span> <span class='ocrx_word' id='word_1_39' title='bbox 970 796 1021 855; x_wconf 81' lang='lat' dir='ltr'>ube·</span> <span class='ocrx_word' id='word_1_40' title='bbox 1045 797 1112 855; x_wconf 79' lang='lat' dir='ltr'>tuus</span> <span class='ocrx_word' id='word_1_41' title='bbox 1130 794 1175 853; x_wconf 83' lang='lat' dir='ltr'>tis</span> <span class='ocrx_word' id='word_1_42' title='bbox 1194 793 1241 853; x_wconf 87' lang='lat' dir='ltr'>uei</span> 
     </span>
     <span class='ocr_line' id='line_1_6' title="bbox 147 903 1240 982; baseline -0.006 -14"><span class='ocrx_word' id='word_1_43' title='bbox 147 913 191 968; x_wconf 86' lang='lat' dir='ltr'>ter</span> <span class='ocrx_word' id='word_1_44' title='bbox 220 910 372 981; x_wconf 82' lang='lat' dir='ltr'>prolatam</span> <span class='ocrx_word' id='word_1_45' title='bbox 404 911 446 968; x_wconf 90' lang='lat' dir='ltr'>est</span> <span class='ocrx_word' id='word_1_46' title='bbox 478 912 505 968; x_wconf 91' lang='lat' dir='ltr'>et</span> <span class='ocrx_word' id='word_1_47' title='bbox 524 909 650 982; x_wconf 70' lang='lat' dir='ltr'>pelanus</span> <span class='ocrx_word' id='word_1_48' title='bbox 676 907 830 967; x_wconf 85' lang='lat' dir='ltr'>imatione</span> <span class='ocrx_word' id='word_1_49' title='bbox 856 907 1027 966; x_wconf 88' lang='lat' dir='ltr'>constitit..</span> <span class='ocrx_word' id='word_1_50' title='bbox 1042 949 1068 964; x_wconf 92' lang='lat'>..</span> <span class='ocrx_word' id='word_1_51' title='bbox 1086 903 1240 977; x_wconf 85' lang='lat' dir='ltr'>procurrit</span> 
     </span>
     <span class='ocr_line' id='line_1_7' title="bbox 145 1008 1240 1091; baseline -0.006 -13"><span class='ocrx_word' id='word_1_52' title='bbox 145 1021 252 1090; x_wconf 86' lang='lat' dir='ltr'>aestus,</span> <span class='ocrx_word' id='word_1_53' title='bbox 273 1010 327 1076; x_wconf 91' lang='lat' dir='ltr'>ubi</span> <span class='ocrx_word' id='word_1_54' title='bbox 349 1029 420 1076; x_wconf 92' lang='lat' dir='ltr'>cum</span> <span class='ocrx_word' id='word_1_55' title='bbox 440 1010 600 1078; x_wconf 87' lang='lat' dir='ltr'>rhetorica</span> <span class='ocrx_word' id='word_1_56' title='bbox 620 1012 791 1078; x_wconf 85' lang='lat' dir='ltr'>inundatae</span> <span class='ocrx_word' id='word_1_57' title='bbox 818 1014 924 1075; x_wconf 86' lang='lat' dir='ltr'>terroe</span> <span class='ocrx_word' id='word_1_58' title='bbox 945 1008 1155 1091; x_wconf 83' lang='lat' dir='ltr'>descriptione</span> <span class='ocrx_word' id='word_1_59' title='bbox 1176 1024 1240 1072; x_wconf 90' lang='lat' dir='ltr'>me·</span> 
     </span>
     <span class='ocr_line' id='line_1_8' title="bbox 144 1114 1240 1203; baseline -0.003 -18"><span class='ocrx_word' id='word_1_60' title='bbox 144 1119 217 1199; x_wconf 89' lang='lat' dir='ltr'>lius,</span> <span class='ocrx_word' id='word_1_61' title='bbox 239 1139 278 1186; x_wconf 93' lang='lat' dir='ltr'>ne</span> <span class='ocrx_word' id='word_1_62' title='bbox 300 1119 400 1186; x_wconf 89' lang='lat' dir='ltr'>dicam</span> <span class='ocrx_word' id='word_1_63' title='bbox 424 1120 514 1186; x_wconf 88' lang='lat' dir='ltr'>unice</span> <span class='ocrx_word' id='word_1_64' title='bbox 536 1122 715 1203; x_wconf 78' lang='lat' dir='ltr'>congruerit</span> <span class='ocrx_word' id='word_1_65' title='bbox 726 1121 831 1203; x_wconf 85' lang='lat' dir='ltr'>imago</span> <span class='ocrx_word' id='word_1_66' title='bbox 853 1137 949 1200; x_wconf 82' lang='lat' dir='ltr'>saepe</span> <span class='ocrx_word' id='word_1_67' title='bbox 971 1117 1107 1199; x_wconf 85' lang='lat' dir='ltr'>promoti</span> <span class='ocrx_word' id='word_1_68' title='bbox 1128 1114 1240 1182; x_wconf 87' lang='lat' dir='ltr'>litoris.</span> 
     </span>
     <span class='ocr_line' id='line_1_9' title="bbox 146 1220 1240 1311; baseline -0.004 -17"><span class='ocrx_word' id='word_1_69' title='bbox 146 1230 290 1309; x_wconf 91' lang='lat' dir='ltr'>Denique</span> <span class='ocrx_word' id='word_1_70' title='bbox 327 1228 538 1296; x_wconf 80' lang='lat' dir='ltr'>dissolutionis</span> <span class='ocrx_word' id='word_1_71' title='bbox 576 1233 608 1294; x_wconf 89' lang='lat' dir='ltr'>et</span> <span class='ocrx_word' id='word_1_72' title='bbox 642 1231 722 1297; x_wconf 85' lang='lat' dir='ltr'>sctis</span> <span class='ocrx_word' id='word_1_73' title='bbox 754 1229 883 1311; x_wconf 90' lang='lat' dir='ltr'>quidem</span> <span class='ocrx_word' id='word_1_74' title='bbox 920 1228 1020 1294; x_wconf 87' lang='lat' dir='ltr'>durae</span> <span class='ocrx_word' id='word_1_75' title='bbox 1059 1220 1240 1307; x_wconf 80' lang='lat' dir='ltr'>eriemplum</span> 
     </span>
    </p>

    <p class='ocr_par' dir='ltr' id='par_1_3' title="bbox 118 1332 1241 1640">
     <span class='ocr_line' id='line_1_10' title="bbox 118 1332 1238 1421; baseline -0.008 -14"><span class='ocrx_word' id='word_1_76' title='bbox 118 1332 125 1363; x_wconf 80' lang='lat'>⁴</span> <span class='ocrx_word' id='word_1_77' title='bbox 146 1339 292 1408; x_wconf 84' lang='lat' dir='ltr'>Gertaius</span> <span class='ocrx_word' id='word_1_78' title='bbox 305 1339 412 1405; x_wconf 86' lang='lat' dir='ltr'>intulit</span> <span class='ocrx_word' id='word_1_79' title='bbox 422 1339 582 1421; x_wconf 89' lang='lat' dir='ltr'>primaeN</span> <span class='ocrx_word' id='word_1_80' title='bbox 594 1340 707 1406; x_wconf 89' lang='lat' dir='ltr'>codicis</span> <span class='ocrx_word' id='word_1_81' title='bbox 719 1339 826 1404; x_wconf 89' lang='lat' dir='ltr'>manui</span> <span class='ocrx_word' id='word_1_82' title='bbox 837 1338 1004 1405; x_wconf 87' lang='lat' dir='ltr'>obsecutus</span> <span class='ocrx_word' id='word_1_83' title='bbox 1022 1337 1053 1403; x_wconf 93' lang='lat' dir='ltr'>d.</span> <span class='ocrx_word' id='word_1_84' title='bbox 1075 1336 1104 1401; x_wconf 91' lang='lat' dir='ltr'>b.</span> <span class='ocrx_word' id='word_1_85' title='bbox 1124 1335 1169 1401; x_wconf 90' lang='lat' dir='ltr'>IV</span> <span class='ocrx_word' id='word_1_86' title='bbox 1190 1334 1238 1414; x_wconf 86' lang='lat'>15,</span> 
     </span>
     <span class='ocr_line' id='line_1_11' title="bbox 145 1448 1241 1530; baseline -0.005 -15"><span class='ocrx_word' id='word_1_87' title='bbox 145 1452 165 1515; x_wconf 88' lang='grc'><strong>3</strong></span> <span class='ocrx_word' id='word_1_88' title='bbox 186 1456 252 1515; x_wconf 83' lang='lat' dir='ltr'>nole</span> <span class='ocrx_word' id='word_1_89' title='bbox 278 1451 420 1527; x_wconf 86' lang='lat' dir='ltr'>(causam</span> <span class='ocrx_word' id='word_1_90' title='bbox 440 1450 508 1515; x_wconf 90' lang='lat' dir='ltr'>eius</span> <span class='ocrx_word' id='word_1_91' title='bbox 540 1448 660 1530; x_wconf 83' lang='lat' dir='ltr'>agere),</span> <span class='ocrx_word' id='word_1_92' title='bbox 688 1455 740 1515; x_wconf 84' lang='lat' dir='ltr'>sed</span> <span class='ocrx_word' id='word_1_93' title='bbox 760 1454 833 1528; x_wconf 75' lang='lat' dir='ltr'>qnid</span> <span class='ocrx_word' id='word_1_94' title='bbox 852 1453 983 1525; x_wconf 74' lang='lat' dir='ltr'>faeiem?</span> <span class='ocrx_word' id='word_1_95' title='bbox 1003 1455 1064 1514; x_wconf 83' lang='lat' dir='ltr'>iem</span> <span class='ocrx_word' id='word_1_96' title='bbox 1087 1451 1133 1510; x_wconf 79' lang='lat' dir='ltr'>ilie·</span> <span class='ocrx_word' id='word_1_97' title='bbox 1153 1448 1241 1510; x_wconf 85' lang='lat' dir='ltr'>semet</span> 
     </span>
     <span class='ocr_line' id='line_1_12' title="bbox 143 1557 816 1640; baseline -0.003 -16"><span class='ocrx_word' id='word_1_98' title='bbox 143 1567 249 1625; x_wconf 77' lang='lat' dir='ltr'>demun</span> <span class='ocrx_word' id='word_1_99' title='bbox 270 1563 364 1635; x_wconf 82' lang='lat' dir='ltr'>adfui.</span> <span class='ocrx_word' id='word_1_100' title='bbox 390 1557 483 1640; x_wconf 84' lang='lat' dir='ltr'>volgo</span> <span class='ocrx_word' id='word_1_101' title='bbox 504 1565 665 1638; x_wconf 77' lang='lat' dir='ltr'>iterumque</span> <span class='ocrx_word' id='word_1_102' title='bbox 690 1557 816 1638; x_wconf 82' lang='lat' dir='ltr'>legitur.</span> 
     </span>
    </p>
   </div>
   <div class='ocr_carea' id='block_1_3' title="bbox 244 1680 1372 1763">
    <p class='ocr_par' dir='ltr' id='par_1_4' title="bbox 244 1680 1372 1763">
     <span class='ocr_line' id='line_1_13' title="bbox 244 1680 1372 1763; baseline -0.009 -14"><span class='ocrx_word' id='word_1_103' title='bbox 244 1682 306 1749; x_wconf 83' lang='lat' dir='ltr'>Sed</span> <span class='ocrx_word' id='word_1_104' title='bbox 327 1687 364 1748; x_wconf 90' lang='lat' dir='ltr'>ut</span> <span class='ocrx_word' id='word_1_105' title='bbox 384 1682 445 1750; x_wconf 93' lang='lat' dir='ltr'>hac</span> <span class='ocrx_word' id='word_1_106' title='bbox 465 1702 667 1749; x_wconf 91' lang='lat' dir='ltr'>numerorum</span> <span class='ocrx_word' id='word_1_107' title='bbox 689 1683 812 1749; x_wconf 86' lang='lat' dir='ltr'>ratione</span> <span class='ocrx_word' id='word_1_108' title='bbox 826 1682 966 1748; x_wconf 85' lang='lat' dir='ltr'>indicata</span> <span class='ocrx_word' id='word_1_109' title='bbox 987 1680 1027 1748; x_wconf 86' lang='lat' dir='ltr'>ad</span> <span class='ocrx_word' id='word_1_110' title='bbox 1042 1680 1240 1763; x_wconf 89' lang='lat' dir='ltr'>propositum</span> <span class='ocrx_word' id='word_1_111' title='bbox 1278 1725 1282 1732; x_wconf 82' lang='lat'><strong>.</strong></span> <span class='ocrx_word' id='word_1_112' title='bbox 1370 1724 1372 1739; x_wconf 90' lang='lat'><strong>.</strong></span> 
     </span>
    </p>
   </div>
   <div class='ocr_carea' id='block_1_4' title="bbox 144 1791 1240 2314">
    <p class='ocr_par' dir='ltr' id='par_1_5' title="bbox 144 1791 1240 2314">
     <span class='ocr_line' id='line_1_14' title="bbox 145 1791 1239 1883; baseline -0.004 -23"><span class='ocrx_word' id='word_1_113' title='bbox 145 1799 352 1874; x_wconf 81' lang='lat' dir='ltr'>revertamur,</span> <span class='ocrx_word' id='word_1_114' title='bbox 374 1794 454 1860; x_wconf 88' lang='lat' dir='ltr'>duos</span> <span class='ocrx_word' id='word_1_115' title='bbox 475 1793 560 1860; x_wconf 91' lang='lat' dir='ltr'>locos</span> <span class='ocrx_word' id='word_1_116' title='bbox 582 1794 739 1876; x_wconf 80' lang='lat' dir='ltr'>adponam</span> <span class='ocrx_word' id='word_1_117' title='bbox 759 1792 814 1876; x_wconf 87' lang='lat' dir='ltr'>qui</span> <span class='ocrx_word' id='word_1_118' title='bbox 832 1793 966 1858; x_wconf 86' lang='lat' dir='ltr'>doceant</span> <span class='ocrx_word' id='word_1_119' title='bbox 986 1791 1122 1883; x_wconf 84' lang='lat' dir='ltr'>liborum</span> <span class='ocrx_word' id='word_1_120' title='bbox 1144 1808 1239 1871; x_wconf 87' lang='lat' dir='ltr'>saepe</span> 
     </span>
     <span class='ocr_line' id='line_1_15' title="bbox 144 1900 1238 1986; baseline -0.005 -15"><span class='ocrx_word' id='word_1_121' title='bbox 144 1904 289 1986; x_wconf 88' lang='lat' dir='ltr'>scriptori</span> <span class='ocrx_word' id='word_1_122' title='bbox 311 1903 478 1969; x_wconf 88' lang='lat' dir='ltr'>arbitrium</span> <span class='ocrx_word' id='word_1_123' title='bbox 495 1900 572 1970; x_wconf 73' lang='lat' dir='ltr'>‘esse</span> <span class='ocrx_word' id='word_1_124' title='bbox 600 1909 708 1969; x_wconf 86' lang='lat' dir='ltr'>utrum</span> <span class='ocrx_word' id='word_1_125' title='bbox 735 1902 922 1969; x_wconf 86' lang='lat' dir='ltr'>disiunctiva</span> <span class='ocrx_word' id='word_1_126' title='bbox 947 1900 1105 1984; x_wconf 88' lang='lat' dir='ltr'>particule</span> <span class='ocrx_word' id='word_1_127' title='bbox 1127 1918 1169 1965; x_wconf 85' lang='lat' dir='ltr'>an</span> <span class='ocrx_word' id='word_1_128' title='bbox 1188 1917 1238 1966; x_wconf 91' lang='lat' dir='ltr'>co-</span> 
     </span>
     <span class='ocr_line' id='line_1_16' title="bbox 145 2010 1237 2103; baseline -0.007 -22"><span class='ocrx_word' id='word_1_129' title='bbox 145 2014 288 2098; x_wconf 84' lang='lat' dir='ltr'>pulative</span> <span class='ocrx_word' id='word_1_130' title='bbox 310 2018 435 2079; x_wconf 87' lang='lat' dir='ltr'>utetur:</span> <span class='ocrx_word' id='word_1_131' title='bbox 463 2013 521 2094; x_wconf 85' lang='lat' dir='ltr'>(sic</span> <span class='ocrx_word' id='word_1_132' title='bbox 548 2011 607 2079; x_wconf 91' lang='lat' dir='ltr'>hoc</span> <span class='ocrx_word' id='word_1_133' title='bbox 629 2012 828 2103; x_wconf 84' lang='lat' dir='ltr'>tempestatis</span> <span class='ocrx_word' id='word_1_134' title='bbox 856 2014 981 2094; x_wconf 82' lang='lat' dir='ltr'>signum</span> <span class='ocrx_word' id='word_1_135' title='bbox 1007 2010 1068 2092; x_wconf 87' lang='lat' dir='ltr'>est)</span> <span class='ocrx_word' id='word_1_136' title='bbox 1098 2014 1237 2090; x_wconf 73' lang='lat' dir='ltr'>pammac</span> 
     </span>
     <span class='ocr_line' id='line_1_17' title="bbox 144 2102 1238 2203; baseline -0.005 -14"><span class='ocrx_word' id='word_1_137' title='bbox 144 2131 357 2203; x_wconf 78' lang='lat' dir='ltr'>aequinoctium</span> <span class='ocrx_word' id='word_1_138' title='bbox 378 2131 411 2188; x_wconf 87' lang='lat' dir='ltr'>in</span> <span class='ocrx_word' id='word_1_139' title='bbox 431 2129 558 2188; x_wconf 79' lang='lat' dir='ltr'>notorem</span> <span class='ocrx_word' id='word_1_140' title='bbox 577 2128 739 2203; x_wconf 68' lang='lat' dir='ltr'>[ripasque</span> <span class='ocrx_word' id='word_1_141' title='bbox 750 2127 890 2198; x_wconf 73' lang='lat' dir='ltr'>flectentis</span> <span class='ocrx_word' id='word_1_142' title='bbox 909 2127 992 2199; x_wconf 91' lang='lat' dir='ltr'>anni,</span> <span class='ocrx_word' id='word_1_143' title='bbox 1013 2102 1161 2200; x_wconf 77' lang='lat' dir='ltr'>quomodo</span> <span class='ocrx_word' id='word_1_144' title='bbox 1174 2123 1238 2195; x_wconf 83' lang='lat' dir='ltr'>iila,</span> 
     </span>
     <span class='ocr_line' id='line_1_18' title="bbox 145 2236 1240 2314; baseline -0.005 -16"><span class='ocrx_word' id='word_1_145' title='bbox 145 2256 219 2314; x_wconf 77' lang='lat' dir='ltr'>quae</span> <span class='ocrx_word' id='word_1_146' title='bbox 249 2237 391 2298; x_wconf 77' lang='lat' dir='ltr'>Chaldaei</span> <span class='ocrx_word' id='word_1_147' title='bbox 422 2241 538 2310; x_wconf 86' lang='lat' dir='ltr'>canunt,</span> <span class='ocrx_word' id='word_1_148' title='bbox 571 2239 642 2312; x_wconf 76' lang='lat' dir='ltr'>quid</span> <span class='ocrx_word' id='word_1_149' title='bbox 663 2237 748 2296; x_wconf 84' lang='lat' dir='ltr'>stelio</span> <span class='ocrx_word' id='word_1_150' title='bbox 777 2236 962 2297; x_wconf 82' lang='lat' dir='ltr'>nascentibus</span> <span class='ocrx_word' id='word_1_151' title='bbox 986 2237 1070 2295; x_wconf 83' lang='lat' dir='ltr'>triste</span> <span class='ocrx_word' id='word_1_152' title='bbox 1090 2236 1240 2295; x_wconf 87' lang='lat' dir='ltr'>iectmnue</span> 
     </span>
    </p>
   </div>
   <div class='ocr_carea' id='block_1_5' title="bbox 143 2339 1358 2420">
    <p class='ocr_par' dir='ltr' id='par_1_6' title="bbox 143 2339 1358 2420">
     <span class='ocr_line' id='line_1_19' title="bbox 143 2339 1358 2420; baseline -0.007 -11"><span class='ocrx_word' id='word_1_153' title='bbox 143 2349 299 2409; x_wconf 84' lang='lat' dir='ltr'>constituet</span> <span class='ocrx_word' id='word_1_154' title='bbox 319 2360 351 2406; x_wconf 89' lang='lat' dir='ltr'>u.</span> <span class='ocrx_word' id='word_1_155' title='bbox 373 2358 403 2420; x_wconf 89' lang='lat' dir='ltr'>q.</span> <span class='ocrx_word' id='word_1_156' title='bbox 429 2339 492 2405; x_wconf 89' lang='lat' dir='ltr'>Vll</span> <span class='ocrx_word' id='word_1_157' title='bbox 514 2341 564 2418; x_wconf 81' lang='lat'>28,</span> <span class='ocrx_word' id='word_1_158' title='bbox 588 2342 624 2418; x_wconf 66' lang='lat'>2„</span> <span class='ocrx_word' id='word_1_159' title='bbox 644 2363 705 2405; x_wconf 91' lang='lat' dir='ltr'>non</span> <span class='ocrx_word' id='word_1_160' title='bbox 723 2346 789 2405; x_wconf 88' lang='lat' dir='ltr'>ideo</span> <span class='ocrx_word' id='word_1_161' title='bbox 809 2347 963 2419; x_wconf 78' lang='lat' dir='ltr'>quicquam</span> <span class='ocrx_word' id='word_1_162' title='bbox 981 2345 1059 2404; x_wconf 84' lang='lat' dir='ltr'>iuter</span> <span class='ocrx_word' id='word_1_163' title='bbox 1079 2344 1147 2403; x_wconf 85' lang='lat' dir='ltr'>ilios</span> <span class='ocrx_word' id='word_1_164' title='bbox 1164 2358 1239 2417; x_wconf 82' lang='lat' dir='ltr'>pne-</span> <span class='ocrx_word' id='word_1_165' title='bbox 1355 2350 1358 2356; x_wconf 83' lang='grc'><strong>“</strong></span> 
     </span>
    </p>
   </div>
   <div class='ocr_carea' id='block_1_6' title="bbox 143 2453 1242 2845">
    <p class='ocr_par' dir='ltr' id='par_1_7' title="bbox 143 2453 1242 2845">
     <span class='ocr_line' id='line_1_20' title="bbox 143 2453 1242 2531; baseline -0.003 -16"><span class='ocrx_word' id='word_1_166' title='bbox 143 2473 248 2530; x_wconf 77' lang='lat' dir='ltr'>rosque</span> <span class='ocrx_word' id='word_1_167' title='bbox 269 2455 407 2515; x_wconf 84' lang='lat' dir='ltr'>interesse</span> <span class='ocrx_word' id='word_1_168' title='bbox 418 2458 484 2531; x_wconf 78' lang='lat' dir='ltr'>quis</span> <span class='ocrx_word' id='word_1_169' title='bbox 495 2456 611 2529; x_wconf 69' lang='lat' dir='ltr'>dinami,</span> <span class='ocrx_word' id='word_1_170' title='bbox 634 2455 713 2530; x_wconf 78' lang='lat' dir='ltr'>quod</span> <span class='ocrx_word' id='word_1_171' title='bbox 724 2454 786 2513; x_wconf 87' lang='lat' dir='ltr'>iltis</span> <span class='ocrx_word' id='word_1_172' title='bbox 797 2454 924 2514; x_wconf 86' lang='lat' dir='ltr'>totorum</span> <span class='ocrx_word' id='word_1_173' title='bbox 942 2470 1094 2513; x_wconf 79' lang='lat' dir='ltr'>nucumve</span> <span class='ocrx_word' id='word_1_174' title='bbox 1113 2457 1141 2513; x_wconf 92' lang='lat' dir='ltr'>et</span> <span class='ocrx_word' id='word_1_175' title='bbox 1162 2453 1242 2512; x_wconf 86' lang='lat' dir='ltr'>aeris</span> 
     </span>
     <span class='ocr_line' id='line_1_21' title="bbox 144 2555 1241 2639; baseline -0.003 -15"><span class='ocrx_word' id='word_1_176' title='bbox 144 2566 247 2625; x_wconf 78' lang='lat' dir='ltr'>emanti</span> <span class='ocrx_word' id='word_1_177' title='bbox 274 2567 402 2626; x_wconf 85' lang='lat' dir='ltr'>auaritia</span> <span class='ocrx_word' id='word_1_178' title='bbox 424 2569 474 2639; x_wconf 87' lang='lat' dir='ltr'>est,</span> <span class='ocrx_word' id='word_1_179' title='bbox 497 2565 544 2624; x_wconf 81' lang='lat' dir='ltr'>tis</span> <span class='ocrx_word' id='word_1_180' title='bbox 565 2567 633 2624; x_wconf 85' lang='lat' dir='ltr'>anri</span> <span class='ocrx_word' id='word_1_181' title='bbox 653 2567 835 2639; x_wconf 77' lang='lat' dir='ltr'>deponitque</span> <span class='ocrx_word' id='word_1_182' title='bbox 855 2567 883 2623; x_wconf 92' lang='lat' dir='ltr'>et</span> <span class='ocrx_word' id='word_1_183' title='bbox 903 2563 1020 2623; x_wconf 77' lang='lat' dir='ltr'>urbium</span> <span class='ocrx_word' id='word_1_184' title='bbox 1042 2555 1083 2622; x_wconf 90' lang='lat' dir='ltr'>di.</span> <span class='ocrx_word' id='word_1_185' title='bbox 1098 2557 1130 2621; x_wconf 91' lang='grc' dir='ltr'>ΙΙ</span> <span class='ocrx_word' id='word_1_186' title='bbox 1146 2558 1195 2637; x_wconf 86' lang='grc'>12,</span> <span class='ocrx_word' id='word_1_187' title='bbox 1211 2557 1241 2622; x_wconf 87' lang='grc'>2.</span> 
     </span>
     <span class='ocr_line' id='line_1_22' title="bbox 146 2661 1242 2752; baseline -0.001 -19"><span class='ocrx_word' id='word_1_188' title='bbox 146 2667 264 2733; x_wconf 86' lang='lat' dir='ltr'>Eodem</span> <span class='ocrx_word' id='word_1_189' title='bbox 290 2669 359 2734; x_wconf 91' lang='lat' dir='ltr'>iure</span> <span class='ocrx_word' id='word_1_190' title='bbox 384 2669 543 2752; x_wconf 85' lang='lat' dir='ltr'>particula</span> <span class='ocrx_word' id='word_1_191' title='bbox 569 2667 757 2733; x_wconf 87' lang='lat' dir='ltr'>disiunctiva</span> <span class='ocrx_word' id='word_1_192' title='bbox 778 2684 841 2747; x_wconf 91' lang='lat' dir='ltr'>quo</span> <span class='ocrx_word' id='word_1_193' title='bbox 875 2661 1056 2748; x_wconf 83' lang='lat' dir='ltr'>cop&#39;ulativa</span> <span class='ocrx_word' id='word_1_194' title='bbox 1083 2667 1131 2731; x_wconf 91' lang='lat' dir='ltr'>uti</span> <span class='ocrx_word' id='word_1_195' title='bbox 1152 2665 1242 2732; x_wconf 88' lang='lat' dir='ltr'>licuit</span> 
     </span>
     <span class='ocr_line' id='line_1_23' title="bbox 144 2776 302 2845; baseline -0.006 -3"><span class='ocrx_word' id='word_1_196' title='bbox 144 2776 193 2845; x_wconf 92' lang='lat' dir='ltr'>his</span> <span class='ocrx_word' id='word_1_197' title='bbox 213 2778 302 2843; x_wconf 87' lang='lat' dir='ltr'>locis:</span> 
     </span>
    </p>
   </div>
   <div class='ocr_carea' id='block_1_7' title="bbox 211 2910 1240 3560">
    <p class='ocr_par' dir='ltr' id='par_1_8' title="bbox 211 2910 1240 3560">
     <span class='ocr_line' id='line_1_24' title="bbox 213 2910 1240 2983; baseline -0.001 -16"><span class='ocrx_word' id='word_1_198' title='bbox 213 2911 279 2967; x_wconf 85' lang='lat' dir='ltr'>dum</span> <span class='ocrx_word' id='word_1_199' title='bbox 294 2928 370 2968; x_wconf 89' lang='lat' dir='ltr'>nemo</span> <span class='ocrx_word' id='word_1_200' title='bbox 387 2911 484 2967; x_wconf 84' lang='lat' dir='ltr'>suadet</span> <span class='ocrx_word' id='word_1_201' title='bbox 501 2911 670 2983; x_wconf 72' lang='lat' dir='ltr'>discendete.</span> <span class='ocrx_word' id='word_1_202' title='bbox 695 2912 722 2967; x_wconf 90' lang='lat' dir='ltr'>d.</span> <span class='ocrx_word' id='word_1_203' title='bbox 745 2914 773 2968; x_wconf 89' lang='lat' dir='ltr'>b.</span> <span class='ocrx_word' id='word_1_204' title='bbox 792 2912 831 2968; x_wconf 88' lang='lat' dir='ltr'>Vl</span> <span class='ocrx_word' id='word_1_205' title='bbox 854 2914 898 2982; x_wconf 86' lang='lat'>30,</span> <span class='ocrx_word' id='word_1_206' title='bbox 917 2915 943 2968; x_wconf 84' lang='lat'>5.</span> <span class='ocrx_word' id='word_1_207' title='bbox 979 2912 1050 2970; x_wconf 79' lang='lat' dir='ltr'>ettad</span> <span class='ocrx_word' id='word_1_208' title='bbox 1068 2912 1164 2968; x_wconf 84' lang='lat' dir='ltr'>suadet</span> <span class='ocrx_word' id='word_1_209' title='bbox 1184 2910 1240 2966; x_wconf 86' lang='lat' dir='ltr'>die-</span> 
     </span>
     <span class='ocr_line' id='line_1_25' title="bbox 212 3008 1239 3081; baseline -0.002 -17"><span class='ocrx_word' id='word_1_210' title='bbox 212 3008 335 3079; x_wconf 76' lang='lat' dir='ltr'>saadetq.</span> <span class='ocrx_word' id='word_1_211' title='bbox 359 3027 385 3064; x_wconf 92' lang='lat' dir='ltr'>n.</span> <span class='ocrx_word' id='word_1_212' title='bbox 406 3026 432 3078; x_wconf 88' lang='lat' dir='ltr'>q.</span> <span class='ocrx_word' id='word_1_213' title='bbox 451 3008 541 3078; x_wconf 78' lang='lat'>1139,</span> <span class='ocrx_word' id='word_1_214' title='bbox 561 3009 586 3064; x_wconf 84' lang='grc'>3.</span> <span class='ocrx_word' id='word_1_215' title='bbox 624 3010 672 3079; x_wconf 77' lang='lat' dir='ltr'>qui</span> <span class='ocrx_word' id='word_1_216' title='bbox 700 3010 801 3065; x_wconf 78' lang='lat' dir='ltr'>sanati</span> <span class='ocrx_word' id='word_1_217' title='bbox 819 3010 942 3081; x_wconf 72' lang='lat' dir='ltr'>punitio.</span> <span class='ocrx_word' id='word_1_218' title='bbox 961 3015 1041 3066; x_wconf 75' lang='lat' dir='ltr'>nant</span> <span class='ocrx_word' id='word_1_219' title='bbox 1059 3008 1085 3064; x_wconf 86' lang='lat' dir='ltr'>d.</span> <span class='ocrx_word' id='word_1_220' title='bbox 1106 3009 1140 3064; x_wconf 89' lang='lat' dir='ltr'>ol.</span> <span class='ocrx_word' id='word_1_221' title='bbox 1165 3008 1239 3076; x_wconf 81' lang='lat'><strong>121,</strong></span> 
     </span>
     <span class='ocr_line' id='line_1_26' title="bbox 216 3104 1240 3176; baseline 0 -17"><span class='ocrx_word' id='word_1_222' title='bbox 216 3107 242 3159; x_wconf 84' lang='lat'>4.</span> <span class='ocrx_word' id='word_1_223' title='bbox 279 3104 543 3175; x_wconf 72' lang='lat' dir='ltr'>qunqutdctmemm</span> <span class='ocrx_word' id='word_1_224' title='bbox 555 3111 705 3176; x_wconf 66' lang='lat' dir='ltr'>optandae.</span> <span class='ocrx_word' id='word_1_225' title='bbox 727 3123 769 3176; x_wconf 86' lang='lat' dir='ltr'>ep.</span> <span class='ocrx_word' id='word_1_226' title='bbox 784 3108 827 3170; x_wconf 80' lang='lat'>41,</span> <span class='ocrx_word' id='word_1_227' title='bbox 841 3108 869 3161; x_wconf 81' lang='lat'>5.</span> <span class='ocrx_word' id='word_1_228' title='bbox 913 3106 1062 3176; x_wconf 82' lang='lat' dir='ltr'>disciplina</span> <span class='ocrx_word' id='word_1_229' title='bbox 1076 3110 1173 3176; x_wconf 75' lang='lat' dir='ltr'>mnne.</span> <span class='ocrx_word' id='word_1_230' title='bbox 1196 3121 1240 3174; x_wconf 88' lang='lat' dir='ltr'>ep.</span> 
     </span>
     <span class='ocr_line' id='line_1_27' title="bbox 218 3202 1240 3272; baseline 0.003 -19"><span class='ocrx_word' id='word_1_231' title='bbox 218 3202 261 3270; x_wconf 91' lang='grc'>97,</span> <span class='ocrx_word' id='word_1_232' title='bbox 275 3202 299 3256; x_wconf 86' lang='lat'>8.</span> <span class='ocrx_word' id='word_1_233' title='bbox 355 3207 503 3257; x_wconf 74' lang='lat' dir='ltr'>manentem</span> <span class='ocrx_word' id='word_1_234' title='bbox 523 3204 693 3271; x_wconf 78' lang='lat' dir='ltr'>laetantemq.</span> <span class='ocrx_word' id='word_1_235' title='bbox 712 3219 754 3272; x_wconf 86' lang='lat' dir='ltr'>ep.</span> <span class='ocrx_word' id='word_1_236' title='bbox 775 3204 835 3269; x_wconf 91' lang='grc'>117,</span> <span class='ocrx_word' id='word_1_237' title='bbox 855 3204 896 3258; x_wconf 82' lang='grc'>26.</span> <span class='ocrx_word' id='word_1_238' title='bbox 952 3218 1022 3272; x_wconf 76' lang='lat' dir='ltr'>qaae</span> <span class='ocrx_word' id='word_1_239' title='bbox 1045 3203 1125 3257; x_wconf 83' lang='lat' dir='ltr'>notis</span> <span class='ocrx_word' id='word_1_240' title='bbox 1144 3205 1240 3257; x_wconf 78' lang='lat' dir='ltr'>meent</span> 
     </span>
     <span class='ocr_line' id='line_1_28' title="bbox 211 3296 1239 3369; baseline 0.001 -16"><span class='ocrx_word' id='word_1_241' title='bbox 211 3302 357 3367; x_wconf 70' lang='lat' dir='ltr'>procantu.</span> <span class='ocrx_word' id='word_1_242' title='bbox 377 3296 415 3364; x_wconf 87' lang='lat' dir='ltr'>di,</span> <span class='ocrx_word' id='word_1_243' title='bbox 434 3297 472 3355; x_wconf 86' lang='lat' dir='ltr'>1v</span> <span class='ocrx_word' id='word_1_244' title='bbox 491 3299 533 3364; x_wconf 82' lang='lat'>27,</span> <span class='ocrx_word' id='word_1_245' title='bbox 548 3299 572 3351; x_wconf 79' lang='lat'>2.</span> <span class='ocrx_word' id='word_1_246' title='bbox 608 3298 641 3354; x_wconf 87' lang='lat' dir='ltr'>de</span> <span class='ocrx_word' id='word_1_247' title='bbox 659 3315 729 3369; x_wconf 84' lang='lat' dir='ltr'>paee</span> <span class='ocrx_word' id='word_1_248' title='bbox 746 3299 836 3368; x_wconf 68' lang='lat' dir='ltr'>beina.</span> <span class='ocrx_word' id='word_1_249' title='bbox 855 3304 943 3354; x_wconf 87' lang='lat' dir='ltr'>censet</span> <span class='ocrx_word' id='word_1_250' title='bbox 962 3297 999 3353; x_wconf 87' lang='lat' dir='ltr'>di.</span> <span class='ocrx_word' id='word_1_251' title='bbox 1019 3298 1058 3351; x_wconf 88' lang='lat' dir='ltr'>IX</span> <span class='ocrx_word' id='word_1_252' title='bbox 1077 3299 1103 3367; x_wconf 87' lang='grc'>3,</span> <span class='ocrx_word' id='word_1_253' title='bbox 1123 3301 1147 3354; x_wconf 80' lang='grc'>3.</span> <span class='ocrx_word' id='word_1_254' title='bbox 1183 3298 1239 3354; x_wconf 90' lang='lat' dir='ltr'>sin·</span> 
     </span>
     <span class='ocr_line' id='line_1_29' title="bbox 216 3393 1240 3465; baseline 0.003 -16"><span class='ocrx_word' id='word_1_255' title='bbox 216 3395 282 3464; x_wconf 79' lang='lat' dir='ltr'>pnia</span> <span class='ocrx_word' id='word_1_256' title='bbox 304 3399 509 3464; x_wconf 75' lang='lat' dir='ltr'>propinquae</span> <span class='ocrx_word' id='word_1_257' title='bbox 531 3394 598 3450; x_wconf 87' lang='lat' dir='ltr'>iacti</span> <span class='ocrx_word' id='word_1_258' title='bbox 620 3411 652 3450; x_wconf 91' lang='lat' dir='ltr'>ae</span> <span class='ocrx_word' id='word_1_259' title='bbox 678 3396 771 3451; x_wconf 85' lang='lat' dir='ltr'>tristes</span> <span class='ocrx_word' id='word_1_260' title='bbox 795 3411 887 3450; x_wconf 83' lang='lat' dir='ltr'>sumne</span> <span class='ocrx_word' id='word_1_261' title='bbox 910 3394 949 3450; x_wconf 86' lang='lat' dir='ltr'>di.</span> <span class='ocrx_word' id='word_1_262' title='bbox 972 3393 1011 3449; x_wconf 86' lang='lat' dir='ltr'>IX</span> <span class='ocrx_word' id='word_1_263' title='bbox 1035 3395 1076 3463; x_wconf 80' lang='lat'>15,</span> <span class='ocrx_word' id='word_1_264' title='bbox 1100 3397 1125 3448; x_wconf 89' lang='lat'>4.</span> <span class='ocrx_word' id='word_1_265' title='bbox 1170 3410 1240 3465; x_wconf 73' lang='lat' dir='ltr'>qaae</span> 
     </span>
     <span class='ocr_line' id='line_1_30' title="bbox 216 3474 1201 3560; baseline 0.001 -16"><span class='ocrx_word' id='word_1_266' title='bbox 216 3506 235 3544; x_wconf 93' lang='lat' dir='ltr'>a</span> <span class='ocrx_word' id='word_1_267' title='bbox 250 3489 330 3544; x_wconf 84' lang='lat' dir='ltr'>uobis</span> <span class='ocrx_word' id='word_1_268' title='bbox 347 3487 535 3558; x_wconf 78' lang='lat' dir='ltr'>indifferentia</span> <span class='ocrx_word' id='word_1_269' title='bbox 553 3505 587 3546; x_wconf 86' lang='lat' dir='ltr'>ac</span> <span class='ocrx_word' id='word_1_270' title='bbox 604 3490 694 3546; x_wconf 86' lang='lat' dir='ltr'>media</span> <span class='ocrx_word' id='word_1_271' title='bbox 708 3474 842 3546; x_wconf 80' lang='lat' dir='ltr'>dieantur</span> <span class='ocrx_word' id='word_1_272' title='bbox 861 3508 903 3560; x_wconf 88' lang='lat' dir='ltr'>ep.</span> <span class='ocrx_word' id='word_1_273' title='bbox 921 3492 965 3559; x_wconf 85' lang='lat'>82,</span> <span class='ocrx_word' id='word_1_274' title='bbox 985 3491 1027 3545; x_wconf 78' lang='lat'>14.</span> <span class='ocrx_word' id='word_1_275' title='bbox 1047 3493 1076 3544; x_wconf 89' lang='lat' dir='ltr'>et</span> <span class='ocrx_word' id='word_1_276' title='bbox 1094 3491 1157 3560; x_wconf 87' lang='grc'>117,</span> <span class='ocrx_word' id='word_1_277' title='bbox 1175 3493 1201 3545; x_wconf 89' lang='grc'>9.</span> 
     </span>
    </p>
   </div>
   <div class='ocr_carea' id='block_1_8' title="bbox 35 3634 1240 4376">
    <p class='ocr_par' dir='ltr' id='par_1_9' title="bbox 35 3634 1240 4376">
     <span class='ocr_line' id='line_1_31' title="bbox 244 3634 1240 3739; baseline 0.001 -39"><span class='ocrx_word' id='word_1_278' title='bbox 244 3634 350 3701; x_wconf 91' lang='lat' dir='ltr'>Unum</span> <span class='ocrx_word' id='word_1_279' title='bbox 371 3641 473 3702; x_wconf 86' lang='lat' dir='ltr'>restat</span> <span class='ocrx_word' id='word_1_280' title='bbox 499 3639 716 3719; x_wconf 85' lang='lat' dir='ltr'>exemplorum</span> <span class='ocrx_word' id='word_1_281' title='bbox 741 3656 841 3721; x_wconf 84' lang='lat' dir='ltr'>genus</span> <span class='ocrx_word' id='word_1_282' title='bbox 867 3653 930 3702; x_wconf 91' lang='lat' dir='ltr'>uon</span> <span class='ocrx_word' id='word_1_283' title='bbox 956 3637 1003 3703; x_wconf 88' lang='lat' dir='ltr'>ita</span> <span class='ocrx_word' id='word_1_284' title='bbox 1029 3638 1141 3704; x_wconf 79' lang='lat' dir='ltr'>leviter</span> <span class='ocrx_word' id='word_1_285' title='bbox 1169 3655 1240 3739; x_wconf 58' lang='lat' dir='ltr'>pers</span> 
     </span>
     <span class='ocr_line' id='line_1_32' title="bbox 143 3743 1239 3827; baseline 0.001 -16"><span class='ocrx_word' id='word_1_286' title='bbox 143 3743 370 3826; x_wconf 83' lang='lat' dir='ltr'>stringendum,</span> <span class='ocrx_word' id='word_1_287' title='bbox 393 3763 464 3811; x_wconf 89' lang='lat' dir='ltr'>cum</span> <span class='ocrx_word' id='word_1_288' title='bbox 492 3746 595 3811; x_wconf 85' lang='lat' dir='ltr'>rarior</span> <span class='ocrx_word' id='word_1_289' title='bbox 622 3764 661 3813; x_wconf 87' lang='lat' dir='ltr'>ea</span> <span class='ocrx_word' id='word_1_290' title='bbox 693 3764 762 3813; x_wconf 88' lang='lat' dir='ltr'>esse</span> <span class='ocrx_word' id='word_1_291' title='bbox 790 3746 934 3812; x_wconf 86' lang='lat' dir='ltr'>videatur</span> <span class='ocrx_word' id='word_1_292' title='bbox 964 3744 1132 3827; x_wconf 89' lang='lat' dir='ltr'>copulandi</span> <span class='ocrx_word' id='word_1_293' title='bbox 1158 3746 1239 3812; x_wconf 84' lang='lat' dir='ltr'>ratio</span> 
     </span>
     <span class='ocr_line' id='line_1_33' title="bbox 143 3852 1240 3936; baseline 0.003 -18"><span class='ocrx_word' id='word_1_294' title='bbox 143 3852 359 3920; x_wconf 88' lang='lat' dir='ltr'>disiunctionis</span> <span class='ocrx_word' id='word_1_295' title='bbox 381 3853 450 3918; x_wconf 87' lang='lat' dir='ltr'>loco</span> <span class='ocrx_word' id='word_1_296' title='bbox 479 3852 630 3919; x_wconf 84' lang='lat' dir='ltr'>adhibite.</span> <span class='ocrx_word' id='word_1_297' title='bbox 673 3852 755 3920; x_wconf 87' lang='lat' dir='ltr'>Nem</span> <span class='ocrx_word' id='word_1_298' title='bbox 782 3855 809 3920; x_wconf 87' lang='lat' dir='ltr'>si</span> <span class='ocrx_word' id='word_1_299' title='bbox 835 3873 902 3923; x_wconf 90' lang='lat' dir='ltr'>rem</span> <span class='ocrx_word' id='word_1_300' title='bbox 931 3855 1136 3936; x_wconf 89' lang='lat' dir='ltr'>proponimus</span> <span class='ocrx_word' id='word_1_301' title='bbox 1156 3873 1240 3936; x_wconf 88' lang='lat' dir='ltr'>quae</span> 
     </span>
     <span class='ocr_line' id='line_1_34' title="bbox 35 3961 1240 4046; baseline 0.002 -18"><span class='ocrx_word' id='word_1_302' title='bbox 35 4008 40 4016; x_wconf 81' lang='lat'>-</span> <span class='ocrx_word' id='word_1_303' title='bbox 141 3967 237 4046; x_wconf 89' lang='lat' dir='ltr'>prout</span> <span class='ocrx_word' id='word_1_304' title='bbox 256 3962 396 4030; x_wconf 88' lang='lat' dir='ltr'>condicio</span> <span class='ocrx_word' id='word_1_305' title='bbox 418 3980 525 4028; x_wconf 92' lang='lat' dir='ltr'>rerum</span> <span class='ocrx_word' id='word_1_306' title='bbox 546 3961 629 4029; x_wconf 86' lang='lat' dir='ltr'>ieret</span> <span class='ocrx_word' id='word_1_307' title='bbox 650 3964 776 4032; x_wconf 87' lang='lat' dir='ltr'>authoc</span> <span class='ocrx_word' id='word_1_308' title='bbox 797 3972 855 4038; x_wconf 87' lang='lat' dir='ltr'>aut</span> <span class='ocrx_word' id='word_1_309' title='bbox 875 3964 930 4031; x_wconf 92' lang='lat' dir='ltr'>illo</span> <span class='ocrx_word' id='word_1_310' title='bbox 952 3964 1043 4031; x_wconf 93' lang='lat' dir='ltr'>modo</span> <span class='ocrx_word' id='word_1_311' title='bbox 1065 3964 1240 4031; x_wconf 86' lang='lat' dir='ltr'>constituta</span> 
     </span>
     <span class='ocr_line' id='line_1_35' title="bbox 142 4072 1236 4156; baseline 0.001 -17"><span class='ocrx_word' id='word_1_312' title='bbox 142 4073 194 4152; x_wconf 86' lang='lat' dir='ltr'>sit,</span> <span class='ocrx_word' id='word_1_313' title='bbox 203 4073 275 4154; x_wconf 89' lang='lat' dir='ltr'>quis</span> <span class='ocrx_word' id='word_1_314' title='bbox 285 4091 349 4138; x_wconf 92' lang='lat' dir='ltr'>non</span> <span class='ocrx_word' id='word_1_315' title='bbox 362 4072 443 4140; x_wconf 84' lang='lat' dir='ltr'>hanc</span> <span class='ocrx_word' id='word_1_316' title='bbox 459 4072 679 4139; x_wconf 87' lang='lat' dir='ltr'>diversitatem</span> <span class='ocrx_word' id='word_1_317' title='bbox 693 4072 850 4156; x_wconf 83' lang='lat' dir='ltr'>particula</span> <span class='ocrx_word' id='word_1_318' title='bbox 864 4073 1052 4140; x_wconf 79' lang='lat' dir='ltr'>disiunctire</span> <span class='ocrx_word' id='word_1_319' title='bbox 1068 4073 1236 4141; x_wconf 80' lang='lat' dir='ltr'>indicabit?</span> 
     </span>
     <span class='ocr_line' id='line_1_36' title="bbox 142 4180 1239 4267; baseline 0.005 -21"><span class='ocrx_word' id='word_1_320' title='bbox 142 4180 290 4264; x_wconf 81' lang='lat' dir='ltr'>Legimus</span> <span class='ocrx_word' id='word_1_321' title='bbox 310 4183 342 4249; x_wconf 89' lang='lat' dir='ltr'>d.</span> <span class='ocrx_word' id='word_1_322' title='bbox 363 4185 401 4249; x_wconf 86' lang='lat' dir='ltr'>cl.</span> <span class='ocrx_word' id='word_1_323' title='bbox 422 4183 439 4248; x_wconf 91' lang='grc' dir='ltr'><strong>Ι</strong></span> <span class='ocrx_word' id='word_1_324' title='bbox 460 4184 488 4267; x_wconf 92' lang='grc'>1,</span> <span class='ocrx_word' id='word_1_325' title='bbox 509 4184 529 4247; x_wconf 91' lang='grc'>9</span> <span class='ocrx_word' id='word_1_326' title='bbox 551 4192 649 4248; x_wconf 89' lang='lat' dir='ltr'>cetera</span> <span class='ocrx_word' id='word_1_327' title='bbox 669 4189 747 4248; x_wconf 75' lang='lat' dir='ltr'>enin</span> <span class='ocrx_word' id='word_1_328' title='bbox 767 4191 843 4249; x_wconf 78' lang='lat' dir='ltr'>beera</span> <span class='ocrx_word' id='word_1_329' title='bbox 865 4189 1078 4264; x_wconf 74' lang='lat' dir='ltr'>proportione</span> <span class='ocrx_word' id='word_1_330' title='bbox 1099 4190 1239 4262; x_wconf 83' lang='lat' dir='ltr'>fortunae</span> 
     </span>
     <span class='ocr_line' id='line_1_37' title="bbox 140 4297 1235 4376; baseline 0.004 -19"><span class='ocrx_word' id='word_1_331' title='bbox 140 4297 348 4372; x_wconf 77' lang='lat' dir='ltr'>enusquisque</span> <span class='ocrx_word' id='word_1_332' title='bbox 365 4300 453 4359; x_wconf 87' lang='lat' dir='ltr'>sentit</span> <span class='ocrx_word' id='word_1_333' title='bbox 473 4301 526 4359; x_wconf 87' lang='lat' dir='ltr'>ant</span> <span class='ocrx_word' id='word_1_334' title='bbox 547 4301 692 4374; x_wconf 81' lang='lat' dir='ltr'>eespectat</span> <span class='ocrx_word' id='word_1_335' title='bbox 713 4300 828 4359; x_wconf 81' lang='lat' dir='ltr'>nmiora</span> <span class='ocrx_word' id='word_1_336' title='bbox 848 4300 1029 4376; x_wconf 79' lang='lat' dir='ltr'>minmaqne,</span> <span class='ocrx_word' id='word_1_337' title='bbox 1058 4316 1095 4360; x_wconf 81' lang='lat' dir='ltr'>en</span> <span class='ocrx_word' id='word_1_338' title='bbox 1115 4299 1235 4361; x_wconf 81' lang='lat' dir='ltr'>clemen·</span> 
     </span>
    </p>
   </div>
   <div class='ocr_carea' id='block_1_9' title="bbox 0 0 1378 4724">
    <p class='ocr_par' dir='ltr' id='par_1_10' title="bbox 0 0 1378 4724">
     <span class='ocr_line' id='line_1_38' title="bbox 0 0 1378 4724; baseline 0 0"><span class='ocrx_word' id='word_1_339' title='bbox 0 0 1378 4724; x_wconf 95' lang='lat' dir='ltr'> </span> 
     </span>
    </p>
   </div>
  </div>
 </body>
</html>
