2746 4724
569 222 573 231 ¹
678 267 722 336 an

153 463 381 533 adiectivorum
398 490 521 548 emanue
541 469 638 549 atque
659 474 849 534 detestabiles.
903 461 1068 535 Adiectiva
1099 475 1249 547 pauliana
1342 451 1361 471 '

154 578 190 639 et
206 582 357 653 meolam
377 575 469 642 modo
490 576 550 643 hac
572 577 665 641 modo
688 576 744 641 illa
763 577 920 658 particula
943 577 1090 659 coniungi
1112 594 1184 643 mox
1206 578 1250 651 vi·

151 681 248 762 debis,
263 683 347 748 item
368 703 469 765 pauca
491 685 555 751 alia
583 691 652 750 tum
674 703 745 750 cum
772 685 1035 765 quemadmodum
1056 686 1120 751 duo
1141 704 1249 768 supu-

30 791 33 795 ’
152 791 252 857 latiuo
270 794 372 875 gradu
394 795 498 874 posito
519 792 673 868 adiectiva
694 795 891 878 copulentur,
914 794 1127 860 indicabimus,

251 900 332 967 Miro
354 903 445 967 modo
467 902 508 967 ad
530 902 632 968 solam
646 903 846 970 altitudinem
863 902 1000 969 fluminis
1022 904 1248 984 designandam

65 1046 73 1056 κ
151 1009 533 1088 concilianturadiectiva
553 1020 647 1078 attam
671 1018 704 1077 et
713 1019 900 1092 profundam
921 1031 951 1078 n.
973 1029 1003 1092 q.
1026 1013 1070 1076 lV
1092 1014 1129 1099 2,
1144 1013 1164 1077 8
1181 1019 1250 1078 hinc

150 1127 211 1203 mm
230 1122 406 1199 manifestae
427 1145 572 1187 novaram
596 1130 705 1189 mrtem
732 1128 822 1188 Nilos
841 1128 900 1187 otto
932 1145 967 1187 oc
988 1127 1142 1200 profundo
1168 1128 1249 1187 alueo
1304 1192 1308 1201 ,

151 1233 257 1311 (atur,
280 1253 317 1296 nc
337 1238 370 1295 ta
392 1238 577 1297 lotitcdincm
598 1237 731 1310 accedat,
751 1237 862 1297 obedo
882 1239 1022 1296 montium
1040 1253 1171 1310 precam.
1194 1234 1248 1296 Az-

151 1349 212 1404 tcm
232 1357 295 1405 uon
318 1339 398 1405 idem
421 1340 472 1406 hic
488 1338 762 1422 significaraquod
787 1339 957 1405 identidem
979 1340 1009 1404 iu
1032 1338 1137 1405 uerbis
1157 1345 1249 1405 attam

151 1471 232 1514 marc
253 1448 273 1515 i.
295 1467 322 1513 e.
341 1455 402 1527 date
419 1459 527 1528 patena
548 1450 663 1514 additis
686 1448 789 1515 verbis
809 1471 981 1528 ace-premes
1002 1451 1145 1531 apparet.
1191 1446 1249 1514 So·

128 1574 130 1579 ·
152 1554 219 1622 lent
238 1560 348 1622 antem
364 1556 443 1622 alias
464 1558 495 1620 in
509 1557 569 1622 hac
589 1558 714 1637 quidem
730 1557 854 1622 ratione
871 1558 959 1623 nullo
974 1556 1151 1622 discrimine
1164 1555 1248 1623 facto
1334 1545 1336 1547 ’

153 1664 293 1759 adhiberi
314 1665 468 1731 adiectiva
490 1673 582 1731 attan
607 1671 640 1732 et
656 1671 850 1750 profundam,
877 1666 923 1729 ita
949 1671 986 1731 ut
1006 1666 1076 1731 iure
1097 1665 1169 1746 quis
1189 1666 1248 1731 mi·
1351 1687 1353 1693 ·

154 1779 243 1841 retur
254 1775 640 1856 eorumcompositionem.
673 1774 734 1841 Sed
747 1774 873 1856 quiscit
887 1792 1247 1856 quamparumpressua

152 1883 194 1948 sit
215 1882 333 1951 Seneca
354 1892 387 1951 et
414 1886 507 1950 nimis
540 1884 729 1965 redundans,
758 1885 806 1948 vel
835 1885 894 1950 hac
921 1902 961 1949 ex
982 1883 1160 1966 oauaahoc
1179 1884 1248 1950 loco

152 2011 213 2058 nou
235 1991 421 2060 offendetur.
475 1993 557 2072 Quid
587 1995 671 2076 quod
692 1994 836 2060 similiter
866 1993 961 2057 verba
983 2011 1065 2073 quae
1086 1994 1245 2059 communi

152 2102 274 2169 dicendi
306 2102 529 2169 consuetudine
551 2122 614 2168 non
637 2103 874 2183 distinguuntur
894 2102 1061 2183 conligavit
1082 2121 1131 2184 ep.
1155 2103 1203 2180 16,
1227 2103 1247 2166 6

150 2220 349 2293 atrcpcnttaa
367 2237 402 2278 ac
420 2220 518 2278 audito
537 2217 749 2278 deminuatur?
789 2211 939 2276 Attamen
962 2214 988 2276 si
1011 2214 1158 2277 accurate
1177 2229 1247 2277 aen·

151 2339 221 2387 aum
249 2322 414 2386 verborum
445 2322 659 2396 aestimamua
687 2322 904 2403 gradationem
931 2319 999 2384 fieri
1029 2320 1255 2403 intellegemus

152 2430 196 2496 ita
217 2430 353 2495 utillud
376 2432 551 2512 generatim
571 2429 770 2496 altitudinem
790 2411 956 2506 deacribat,
981 2429 1038 2494 hoc
1062 2429 1247 2494 immensam

154 2558 219 2605 eam
243 2558 312 2606 esse
330 2539 454 2606 adiciat.
506 2538 575 2616 Quo
597 2538 633 2603 fit
655 2544 691 2604 ut
712 2538 779 2603 sine
800 2537 970 2603 offensione
994 2536 1083 2619 legas
1104 2556 1134 2602 n.
1158 2557 1186 2620 q.
1203 2538 1248 2603 Vl

154 2649 202 2728 24,
233 2651 253 2713 3
278 2654 445 2714 altitudinis
474 2654 645 2728 prodendae
675 2655 772 2714 morio
803 2651 861 2713 out
892 2666 941 2731 ep.
974 2647 1065 2726 21,5
1094 2631 1249 2726 profundo

151 2780 244 2838 cupro
264 2781 317 2824 noa
338 2764 463 2824 altitudo
484 2764 623 2837 temporie
642 2765 745 2822 veniet.
788 2757 876 2823 Idem
897 2756 956 2823 hoc
977 2758 1071 2822 etiam
1095 2757 1180 2837 apud
1196 2756 1245 2820 Li·

152 2866 235 2931 vium
258 2865 439 2947 (XXXVIII
461 2867 515 2944 23)
549 2872 582 2931 et
603 2866 687 2947 apud
709 2864 852 2944 Tacitum
882 2867 967 2947 (ann.
990 2865 1023 2930 Π
1045 2865 1099 2946 61)
1121 2865 1248 2946 legitur,

149 2984 185 3040 at
207 2974 291 3041 illius
312 2975 456 3041 dictionis
477 2974 656 3055 exemplum
680 2974 817 3040 alterum
839 2991 901 3038 non
924 2975 1038 3041 inveni.

247 3084 316 3149 Iam
342 3100 569 3164 persequamur
595 3083 702 3164 paucis
729 3082 901 3148 inlustrare
936 3084 968 3149 id
995 3085 1078 3164 quod
1110 3084 1248 3150 breviter

149 3209 246 3273 supra
267 3193 431 3274 attigimus
453 3192 590 3257 dicentes
610 3191 751 3258 litteram
775 3193 804 3254 in
827 3191 981 3274 principio
1004 3193 1172 3258 verborum
1194 3211 1248 3275 po·

46 3311 53 3323 ·
149 3302 243 3366 sitam
266 3301 385 3382 aliquid
408 3300 512 3367 iacere
532 3299 572 3366 ad
594 3299 768 3382 particulae
791 3299 985 3365 electionem.
1043 3305 1090 3367 Ac
1111 3301 1249 3383 legitime

149 3410 302 3491 seriptum
326 3428 396 3475 ease
412 3411 449 3475 ‘in
473 3410 576 3475 verbis
597 3415 685 3487 forits
706 3419 898 3474 austrenum
919 3411 1080 3491 complura
1101 3411 1248 3492 exempla

148 3519 332 3585 docueruut.
379 3520 460 3585 Item
482 3539 544 3585 non
565 3543 628 3599 que,
650 3518 706 3584 sed
728 3542 762 3583 ac
782 3518 958 3584 adhibitum
980 3525 1028 3584 eat
1049 3519 1099 3585 his
1119 3520 1196 3586 locis

220 3628 287 3684 actile
307 3645 340 3683 oc
356 3629 479 3684 salutare
496 3645 538 3697 ap.
558 3631 600 3698 11,
619 3631 643 3684 8.
663 3633 692 3682 et
710 3645 754 3698 ep.
774 3629 833 3696 113,
852 3629 896 3682 26.
932 3627 998 3683 atde
1018 3629 1187 3684 desolatore
1205 3647 1249 3700 ep.

219 3724 264 3793 86,
285 3727 325 3778 10.
359 3725 459 3778 amcam
477 3723 639 3779 macarium
656 3741 698 3794 ep.
720 3725 760 3792 18,
779 3725 805 3776 4.
824 3742 866 3793 ep.
888 3722 947 3792 114,
966 3726 991 3778 3.
1027 3725 1071 3779 vel
1081 3724 1198 3780 ceddren
1215 3742 1249 3780 oe

219 3823 319 3878 siceum
337 3822 373 3876 di
390 3818 441 3877 Vll
462 3824 504 3891 12,
521 3823 546 3875 4.
583 3827 708 3877 adamum
726 3837 884 3876 arsamum
902 3820 928 3875 d.
954 3820 981 3874 b.
1000 3820 1013 3875 1
1032 3823 1075 3890 10,
1093 3823 1120 3875 2.
1161 3821 1249 3877 aalide

221 3937 253 3975 ac
270 3919 435 3992 aenapitcrna
457 3936 501 3990 ap.
520 3920 563 3990 74,
584 3919 624 3972 16.
660 3917 813 3989 aptmdidia
831 3933 866 3972 ac
883 3917 1044 3973 amanum
1063 3934 1105 3987 ep.
1125 3920 1185 3990 114,
1206 3920 1248 3975 14.

219 4033 316 4074 aonam
329 4035 361 4074 ac
378 4019 486 4073 nombre
504 4033 546 4086 ep.
567 4016 594 4082 8,
607 4015 631 4068 6.
652 4029 751 4069 eanum
768 4031 801 4068 ac
818 4015 952 4070 aiaccrom
971 4014 1023 4081 (aie
1040 4012 1160 4069 Haaaiua
1171 4020 1249 4072 recte
1268 4037 1274 4051 ι

221 4119 253 4169 ιιι
271 4115 382 4171 videtur
401 4132 453 4184 pro
471 4130 493 4169 a.
512 4129 544 4169 ae
562 4111 672 4181 aucum)
691 4129 733 4182 ep.
751 4113 796 4180 66,
815 4115 840 4167 6.
872 4111 985 4166 atoltum
1004 4127 1036 4165 ac
1053 4127 1248 4182 aopeuucoom

101 4195 103 4198 ’
220 4227 264 4281 ap.
285 4210 343 4279 102,
361 4213 387 4265 4.
426 4209 458 4264 a
476 4209 561 4264 maa
579 4224 613 4264 aa
630 4223 723 4264 aeae
742 4207 769 4263 a
789 4209 814 4264 o.
833 4207 884 4264 vu
904 4210 928 4276 1,
947 4211 972 4262 a.
1013 4209 1150 4297 aenum
1166 4222 1248 4279 aaa·

202 4307 306 4363 lidum
318 4325 350 4362 n.
369 4325 395 4377 q.
414 4307 451 4363 lV
469 4307 495 4377 2,
513 4309 539 4361 9.
574 4306 694 4376 apiacum
711 4322 745 4362 oc
763 4305 881 4361 aolidem
899 4324 925 4360 ιι.
945 4304 1146 4374 q.·111aa,1.
