2746 4724
673 278 693 344 5

135 486 220 543 aare
248 480 282 544 et
300 499 467 558 maman,
498 478 543 543 sic
565 483 599 544 et
619 478 650 542 in
673 478 718 544 eis
745 496 828 561 quae
850 481 999 544 secuntur
1021 483 1139 545 certum
1161 497 1232 551 var<

96 570 99 575 ’
134 584 243 651 borum
280 586 508 668 oppositionem
540 586 763 653 desideramus.
812 587 903 652 Nunc
936 590 1043 654 autem
1078 593 1115 654 ut
1144 587 1228 654 dicta

134 698 213 762 sunt
227 693 342 775 rerba,
365 710 441 760 uuo
463 698 497 761 et
517 700 603 762 certo
623 697 764 762 membro
783 696 945 762 nominato
969 697 1001 763 in
1024 714 1140 763 vonum
1161 696 1229 764 abit

133 802 281 870 orationis
315 803 467 886 gravitas,
500 820 597 885 quam
626 806 774 872 restituet
795 806 850 884 qui
872 823 943 871 oum
966 805 1084 873 Haasio
1105 811 1230 874 resecat

131 911 227 980 verba
247 934 283 978 aa
303 918 409 978 mabar
430 920 525 997 crab,
553 932 635 996 quae
655 913 764 981 addita
784 932 853 981 esse
874 915 1020 982 videntur
1038 917 1079 982 ab
1100 915 1226 983 homine

128 1021 294 1088 recordata
317 1021 411 1108 winter
438 1039 491 1087 eas
513 1023 718 1100 calamitates,
742 1042 824 1106 quae
846 1023 1021 1108 sapientem
1043 1045 1079 1091 er
1101 1026 1227 1108 aequali

127 1128 287 1198 felicitatis
314 1133 402 1197 statu
434 1148 496 1199 nou
524 1132 713 1215 propellant,
736 1135 818 1200 hanc
840 1152 965 1218 quoque
985 1134 1155 1216 nominari;
1191 1134 1231 1202 cl.

129 1239 214 1308 enim
235 1255 318 1321 quae
339 1238 379 1306 de
400 1239 510 1307 eadem
531 1239 592 1308 hac
612 1258 647 1306 re
668 1239 769 1308 fusius
790 1241 990 1309 disseruntur
1008 1261 1056 1325 ep.
1077 1244 1107 1324 9,
1130 1243 1159 1309 4.

660 1519 701 1586 II.

232 1646 270 1713 In
295 1645 512 1713 coniunctione
538 1646 672 1711 duorum
694 1646 861 1713 uerborum
883 1665 940 1730 per
961 1642 1151 1728 particulam
1173 1671 1228 1727 quc

134 1754 221 1822 iacta
241 1756 281 1825 do
299 1756 345 1823 eis
365 1755 606 1823 tantumverbis
628 1773 684 1822 nos
700 1748 919 1837 acturos'esse,
942 1774 1024 1838 quae
1037 1774 1100 1821 non
1112 1755 1229 1823 distra-

131 1865 251 1931 hantur
268 1864 310 1931 ad
332 1865 457 1933 diverm
477 1865 649 1944 enuntiata,
673 1866 726 1932 vix
747 1871 798 1932 est
820 1867 905 1946 quod
925 1865 1090 1932 addamus.
1123 1863 1229 1932 Pauca

40 1978 42 1982 ’
75 2031 84 2041 .
133 1979 209 2041 sunt
240 1992 299 2043 nec
330 1992 369 2041 aa
398 1973 602 2052 sufficientia,
634 1992 716 2054 quae
748 1979 842 2041 cauta
862 1978 900 2039 ut
922 1973 970 2040 fas
993 1977 1075 2052 erat,
1111 1972 1151 2039 de
1172 1973 1231 2040 hac

131 2082 337 2164 componendi
359 2084 481 2149 ratione
501 2081 681 2165 Draegerus
703 2083 829 2164 dicit'p.
854 2084 895 2148 40
912 2083 994 2162 libri,
1017 2083 1065 2148 cui
1086 2081 1228 2150 inscribi·

129 2197 183 2259 tur
208 2190 417 2260 ‘Historisohe
445 2192 566 2277 Synt'ax
599 2193 655 2260 der
685 2193 742 2260 lat.
775 2182 933 2274 Sprscbe'.
977 2191 1047 2257 Non
1078 2192 1159 2256 enim
1183 2192 1227 2258 ita

51 2343 58 2352 ·
132 2319 225 2384 saepe
256 2324 312 2382 que
331 2301 373 2368 ad
393 2303 612 2384 coniungenda
632 2304 694 2369 duo
716 2302 813 2369 verba
834 2301 1011 2368 adhibitum
1033 2319 1103 2368 essa
1123 2306 1224 2384 putat.

133 2409 199 2475 Nec
218 2410 271 2492 qui
292 2408 500 2494 perexiguum
521 2430 688 2478 numerum
700 2412 867 2478 verborum
886 2410 1056 2492 perlegerit
1069 2411 1225 2475 communi

135 2518 356 2611 consuetudins
376 2520 529 2587 sermonis
551 2525 757 2602 receptorum,
782 2518 888 2601 qualia
905 2523 979 2585 sunt
993 2541 1081 2601 opere
1092 2521 1125 2584 et
1132 2517 1225 2600 ferre,

132 2633 226 2694 riom
256 2632 289 2695 et
309 2635 424 2711 abac,
459 2647 566 2695 errore
586 2628 783 2710 Draegerum
802 2627 931 2710 lapsum
953 2626 1069 2692 credet.
1111 2625 1226 2709 Ingens

132 2742 249 2805 tamen
259 2736 350 2821 copia
365 2735 555 2804 obfundatur
573 2734 687 2800 talium
703 2734 963 2817 compositionum
979 2732 1116 2798 Senecae
1130 2731 1228 2799 libros

131 2847 309 2926 evolventi,
339 2865 418 2929 quas
449 2847 481 2911 in
514 2849 684 2927 conspectu
714 2844 788 2926 poni
818 2863 836 2909 e
868 2864 902 2910 re
935 2860 1003 2908 esse
1024 2841 1137 2908 iudico.
1181 2842 1228 2907 Ac

130 2955 268 3039 primum
289 2955 415 3036 quidem
438 2955 477 3022 da
499 2952 609 3020 lormis
623 2952 790 3019 verborum
812 2957 920 3017 utrum
943 2955 1045 3016 certas
1067 2950 1153 3032 leges
1169 2950 1228 3016 sibi

132 3062 274 3147 posuerit
294 3068 406 3130 auctor
427 3081 467 3128 an
489 3081 596 3130 omnes
618 3080 718 3144 aeque
740 3061 919 3127 adhibuerit
940 3078 1141 3144 quaeramus.
1178 3059 1229 3123 ln·

132 3168 252 3239 linitiva
277 3171 369 3238 modo
391 3173 484 3239 actiui
506 3173 629 3254 generis
650 3195 706 3251 que
727 3170 884 3236 adiectum
907 3188 947 3235 na
969 3170 1053 3250 apud
1075 3168 1244 3235 Senecam¹

133 3280 258 3361 quidem
278 3282 445 3364 invenitur,
467 3302 539 3351 oum
554 3287 704 3367 respuant
720 3299 823 3364 aures,
843 3284 878 3344 ut
892 3284 981 3360 puto,
1001 3281 1224 3359 conreptarum

136 3388 331 3472 syllabarum
360 3389 571 3472 frequentiam
600 3389 836 3471 periculumque
857 3387 899 3453 sit
920 3404 959 3450 ne
982 3387 1029 3451 vis
1050 3386 1143 3451 huius
1166 3385 1226 3450 ior-

133 3516 204 3564 mae
224 3499 329 3582 posita
349 3496 381 3563 in
403 3518 456 3578 eo,
489 3505 525 3564 ut
545 3497 638 3581 plane
659 3497 848 3562 exaudiatur
869 3494 977 3561 littera
997 3493 1117 3573 finalis,
1149 3510 1225 3560 sono

131 3607 237 3676 minus
257 3609 342 3674 claro
363 3613 560 3675 extenuetur.
603 3605 753 3672 Infinitivi
775 3622 849 3670 vero
873 3604 990 3688 passivi
1012 3603 1135 3686 generis
1157 3621 1227 3668 cum

131 3722 227 3785 acuta
247 3715 398 3784 finiantur
420 3718 529 3794 vocali,
551 3717 612 3783 tuti
636 3715 769 3783 suntab
792 3715 847 3780 illo
867 3712 1068 3781 obscuritatis
1090 3711 1226 3796 periculo
1327 3750 1332 3761 -

131 3843 265 3907 eamque
287 3826 327 3893 ob
349 3845 478 3894 causam
501 3825 672 3892 identidem
694 3829 836 3892 exstant:

154 3968 157 3973 -
204 3936 277 3991 sami
293 3935 418 4006 deponiq.
438 3935 477 3991 di.
495 3935 534 3989 Ill
553 3936 595 4003 17,
615 3937 639 3989 1.
676 3933 778 3989 bedae
796 3932 893 4002 locdiq.
912 3949 954 4002 ep.
973 3933 1017 4001 95,
1035 3931 1079 3987 49.

204 4031 247 4086 uti
262 4031 349 4102 [ναῖς.
367 4031 405 4087 di.
430 4031 469 4085 XI
494 4034 535 4100 10,
561 4033 584 4085 1.
638 4029 755 4100 paudere
780 4029 904 4097 beonia
928 4026 965 4082 di.
985 4027 1023 4083 lV
1040 4029 1067 4096 6,
1086 4030 1111 4082 1.
1166 4027 1227 4096 copi
1283 4093 1285 4097 Ι

204 4127 348 4198 compelliq.
367 4145 409 4198 ep.
429 4129 473 4196 52,
492 4129 516 4181 4.
570 4125 648 4181 caedi
666 4125 788 4194 namq.
807 4124 845 4181 di.
865 4125 878 4177 Ι
896 4124 921 4193 2,
940 4127 965 4179 3.
1009 4123 1143 4179 concitari
1165 4139 1226 4178 coa·

200 4221 338 4294 triecio
359 4223 397 4279 di.
415 4224 453 4280 lv
472 4225 498 4292 7,
518 4223 541 4278 1.
594 4222 713 4278 transiri
735 4222 864 4292 coleoriq.
888 4222 925 4276 di.
949 4219 972 4275 V
995 4223 1038 4290 21,
1060 4222 1085 4275 2.
1140 4220 1227 4277 orarii
1324 4281 1327 4285 ,

204 4317 289 4389 auio.
305 4338 335 4376 n.
352 4337 379 4391 q.
397 4320 423 4375 11
442 4321 484 4376 47.
539 4321 607 4378 solvi
624 4319 746 4390 uitioriq.
765 4337 791 4375 n.
814 4335 840 4393 q.
860 4318 910 4374 Vll
931 4320 973 4388 18,
993 4316 1019 4376 3.
