2746 4724
655 261 694 325 12

135 460 281 542 repetitio
314 459 509 542 pronominis
541 465 575 528 et
601 460 736 527 imitatio
764 459 916 527 Sallustii.
959 459 1080 526 Maiore
1100 459 1228 541 quidem

136 568 263 636 adfectu
281 568 483 652 pronuntiari
504 569 589 635 locos
609 567 663 634 ubi
685 568 834 654 occurrit,
860 569 952 636 facila
973 553 1150 652 suspiceris,
1170 565 1228 646 sed
1298 634 1306 643 ,

135 677 309 761 perexigua
342 677 487 758 exempla
518 677 688 760 suspicioni
721 677 793 745 huic
814 677 1050 761 respondebunt
1069 675 1156 743 velut
1177 699 1229 742 oro

136 797 223 869 alque
250 795 367 854 coccam
399 805 448 870 ep.
471 787 520 867 19,
545 788 562 851 1
583 786 624 853 di.
648 786 693 852 VI
714 789 744 869 5,
767 788 839 854 ret
859 811 930 870 rogo
949 797 1036 868 atquc
1056 793 1159 852 hortor
1178 803 1227 866 ep.

136 898 187 979 20,
211 898 239 963 1.

240 1006 303 1071 Per
330 1017 357 1073 ec
379 1007 515 1090 denique
537 1008 739 1091 conligantur
759 1025 909 1090 praesens
931 1011 964 1073 et
983 1006 1128 1073 futurum
1149 1004 1229 1070 eim·

135 1114 206 1182 dem
228 1115 315 1182 verbi
336 1133 384 1198 ep.
404 1118 454 1200 61,
477 1118 498 1182 4
518 1123 636 1182 meacm
657 1127 685 1183 cc
705 1140 821 1196 seraper
841 1123 1006 1195 amium,-
1035 1114 1172 1182 activum
1196 1121 1229 1182 et

64 1243 66 1248 ·
135 1224 295 1312 passivum
324 1242 425 1306 genus
446 1243 476 1290 n.
499 1242 528 1305 p.
550 1225 595 1292 IV
619 1227 667 1303 11,
690 1228 709 1291 2
730 1233 1081 1292 mammaemammal
1100 1232 1228 1290 macac.

91 1316 93 1323 ¹
135 1332 246 1401 Dubia
260 1339 366 1401 autem
390 1337 440 1404 est
457 1335 548 1402 lectio
569 1334 610 1401 di.
624 1335 656 1401 II
679 1337 707 1413 7,
730 1337 747 1401 1
769 1342 951 1402 maiouim
971 1346 998 1402 cc
1020 1341 1226 1412 amicimus,

135 1460 208 1510 cum
230 1441 308 1509 etin
329 1443 435 1510 codice
454 1444 481 1509 A
504 1461 601 1526 supra
621 1443 738 1511 lineam
759 1445 912 1529 scriptum
936 1443 987 1511 sit.

588 1717 589 1720 Ἴ
657 1772 713 1839 111.

240 1893 434 1963 Accedamus
455 1898 496 1962 ad
518 1898 646 1962 nomina
668 1903 701 1964 et
720 1898 858 1978 primum
880 1896 1005 1977 quidem
1027 1894 1068 1961 ad
1083 1895 1227 1962 substan-

135 2004 210 2070 tiva.
253 2004 418 2071 Rationem
449 2024 531 2088 quae
561 2007 644 2073 inter
669 2006 749 2072 duas
777 2005 859 2072 tales
887 1987 1031 2071 notiones
1052 1983 1229 2072 intercedat

136 2113 189 2193 qui
212 2121 358 2182 accurate
379 2115 525 2182 aestimet
546 2122 579 2181 et
599 2115 785 2198 perpendat,
808 2113 1045 2197 quadruplicem
1067 2132 1136 2181 eam
1159 2131 1228 2181 esse

135 2222 262 2290 videbit.
304 2224 370 2290 llut
399 2225 484 2290 enim
506 2222 684 2291 contrariae
706 2225 843 2291 interae
864 2230 940 2292 sunt
960 2240 1012 2292 res
1033 2222 1229 2304 designatae,

136 2336 173 2398 ut
193 2340 255 2398 oica
275 2357 385 2414 necque
406 2334 435 2400 d.
459 2335 487 2399 b.
498 2334 549 2400 111
571 2336 621 2412 23,
644 2337 673 2413 3,
694 2338 753 2400 aut
773 2352 867 2415 pares
892 2334 1023 2400 interae
1039 2333 1088 2399 vel
1102 2332 1228 2411 similes,

134 2449 172 2507 ut
196 2438 361 2508 adsecutor*
387 2464 534 2524 corneoque
562 2442 603 2508 di.
626 2442 673 2508 IX
696 2444 723 2521 l,
743 2445 779 2518 8,
806 2450 960 2523 principes
985 2464 1122 2524 rcqcspue
1142 2441 1172 2508 d.
1189 2440 1228 2506 cl.

36 2598 41 2605 -
134 2549 166 2616 II
189 2551 216 2628 1,
240 2552 269 2629 3,
300 2557 357 2616 aut
377 2540 530 2632 diuersae,
556 2552 601 2619 ita
622 2556 739 2631 tamen,
757 2538 797 2616 ¹ut
816 2551 947 2617 tertium
970 2550 1126 2632 cogitetur
1144 2549 1228 2631 quod

135 2659 176 2726 ad
208 2664 376 2742 utramque
397 2661 570 2744 pertineat,
602 2666 638 2726 ut
659 2668 723 2726 ursi
743 2667 892 2739 conosque
913 2659 954 2725 di.
971 2659 999 2725 V
1014 2660 1064 2738 30,
1087 2659 1114 2738 l,
1136 2665 1231 2724 barba

135 2757 314 2849 capillosque
345 2768 386 2834 di.
407 2769 458 2841 XI.
477 2771 526 2849 17,
549 2772 584 2851 5,
617 2787 699 2850 quae
731 2768 850 2852 species
878 2774 954 2834 sunt
977 2768 1071 2834 unius
1093 2767 1225 2850 generis,

135 2882 192 2945 aut
222 2894 354 2960 prorsus
387 2878 542 2959 divorsae,
576 2882 612 2944 ut
644 2885 720 2944 duas
752 2899 857 2944 musas
881 2882 1035 2942 -solem
1066 2882 1227 2957 amesque

135 2987 306 3070 n.q.13,
331 2989 379 3053 14.

239 3095 386 3162 Omnium
409 3098 534 3180 quidem
556 3098 669 3165 horum
692 3115 842 3181 generum
866 3095 968 3161 multa
989 3093 1069 3178 legis
1082 3093 1229 3176 exempla

136 3205 222 3287 apud
253 3203 405 3274 Senecam
441 3226 497 3273 nec
527 3214 634 3275 tamen
667 3207 806 3273 omnium
834 3222 943 3287 parem
972 3221 1148 3270 numerum.
1191 3203 1229 3270 ld

136 3314 219 3382 euim
249 3315 333 3398 quod
366 3316 396 3380 in
429 3315 556 3399 fastigio
587 3315 769 3398 partitionis
800 3315 963 3397 posuimus
989 3331 1103 3395 genus,
1135 3304 1229 3396 longe

135 3419 266 3505 superat
293 3429 408 3491 cetera.
452 3424 635 3491 Proximum
668 3424 708 3491 ab
738 3442 775 3491 eo
797 3429 846 3490 est
866 3441 966 3506 genus
988 3421 1154 3488 verborum
1176 3440 1229 3488 co·

135 3532 400 3617 gnominatorum.
450 3531 606 3610 Quartum
637 3531 691 3597 ubi
723 3555 779 3612 quc
807 3549 914 3596 merae
935 3531 1164 3599 enumerationi
1185 3530 1230 3595 in·

136 3643 245 3720 servit,
275 3660 347 3710 cum
379 3644 483 3710 minus
503 3649 659 3723 congruat
679 3656 751 3709 cum
773 3641 965 3708 devinciendi
983 3639 1137 3708 facultate
1158 3638 1227 3706 eius

135 3750 325 3834 particulae,
358 3757 410 3818 sat
438 3752 583 3834 augustis
604 3740 751 3818 cancellis
772 3755 944 3817 coercetur.
987 3747 1049 3816 Sed
1071 3753 1108 3815 ut
1131 3749 1228 3815 etiam

133 3859 361 3942 particularum
393 3871 420 3925 ec
446 3867 478 3926 et
500 3869 585 3947 atque
606 3859 672 3942 (ac)
693 3860 848 3926 rationem
872 3857 1082 3938 delineamus,
1111 3876 1150 3924 ne
1176 3858 1228 3924 his
1324 3854 1326 3858 ⁴

136 3969 261 4051 quidem
282 3969 389 4037 varius
416 3969 469 4036 ille
495 3988 572 4036 usus
596 3969 770 4052 denegatus
792 3974 855 4050 est3
887 3972 1029 4035 attamen
1051 3990 1108 4048 que
1128 3968 1228 4049 parti-

136 4078 238 4143 culam
266 4078 460 4159 frequantari
487 4077 572 4159 apud
595 4077 745 4144 Senecam
765 4077 797 4143 in
816 4075 1041 4160 coniungendis
1058 4078 1225 4144 contrariis

55 4272 57 4281 ,
135 4186 406 4263 notionibuslroc
427 4205 553 4272 quoque
566 4186 843 4254 vsubstantivorum
864 4199 979 4270 genere
994 4188 1224 4270 comprobatur.

135 4293 253 4363 Infiniti
274 4300 382 4363 autem
404 4298 507 4382 operis
529 4302 614 4365 esset
626 4314 736 4364 omnes
750 4297 835 4363 locos
849 4295 1045 4378 perlustrare
1059 4303 1093 4364 et
1105 4296 1224 4384 incon·
