2746 4724
655 266 696 342 65

128 469 234 537 codiee
254 470 296 551 E,
327 471 360 557 in
390 488 451 552 quo
484 476 555 554 post
575 470 705 538 verbum
727 475 854 550 torreor
882 469 1027 537 additum
1049 474 1099 538 est
1119 493 1155 537 eu
1177 493 1217 538 co.

130 580 200 645 Non
226 598 300 648 vero
332 586 439 648 exstat
468 580 500 644 in
534 581 643 647 eodem
675 580 788 662 codice,
819 578 902 662 quod
933 566 1059 660 quidem
1083 578 1223 646 enotavit

129 688 308 771 Fickertus,
344 696 488 756 trahatur.
541 689 671 756 Erravit
705 689 732 756 is
768 689 816 755 vir
847 693 880 757 et
906 688 940 753 in
961 705 1099 756 errorem
1114 687 1225 755 'iniecit

130 796 292 883 Haasium,
313 800 368 882 qui
390 818 430 866 ex
452 818 554 884 prava
574 798 731 882 scriptura
745 815 876 882 pravam
892 796 994 864 effecit
1012 798 1222 865 coniecturam

130 915 308 975 trooetotor.
340 909 422 975 Num
445 912 481 975 ut
503 909 650 976 docemur
670 907 823 995 Larischii
845 926 926 975 nova
942 906 1115 975 conlatione
1130 904 1224 990 primi

129 1036 160 1082 n.
189 1036 218 1099 q.
246 1019 335 1099 libri,
370 1019 532 1100 proposita
561 1019 594 1084 in
625 1021 862 1100 programmate
884 1015 1059 1099 Saganensi
1080 1037 1109 1084 a.
1133 1016 1223 1096 1870,

129 1133 229 1193 trotot
258 1117 348 1194 illius
374 1127 486 1194 codicis
511 1133 559 1194 est
581 1127 689 1210 lectio,
722 1145 818 1209 quam
839 1147 879 1194 ex
901 1134 1000 1193 uertat
1022 1130 1131 1192 natam
1152 1142 1222 1192 esse

129 1236 319 1316 persuadere
350 1237 427 1303 mihi
459 1255 522 1303 non
553 1255 691 1321 possum.
734 1237 817 1304 Puto
849 1237 924 1304 olim
951 1237 1102 1319 scriptum
1124 1232 1223 1301 inisse

131 1351 278 1412 detrectat.
321 1346 389 1413 Hoc
418 1352 525 1413 antem
552 1366 592 1415 ne
621 1347 775 1427 omittam,
798 1366 869 1414 oum
889 1344 917 1411 E
938 1345 1015 1413 etB
1038 1349 1112 1412 ante
1137 1344 1224 1411 exhi·
1337 1353 1340 1360 ’

132 1454 227 1523 beant
259 1463 324 1536 dot,
356 1457 559 1524 indicativum
592 1457 720 1525 modum
752 1474 814 1524 non
839 1456 1064 1539 temptabimus
1083 1454 1225 1523 inoffensi

131 1564 371 1634 constructionis
392 1567 576 1632 mutatione.
698 1554 708 1579 “
923 1637 947 1647 Α

176 1673 178 1676 ’
237 1673 341 1757 Supra
370 1675 434 1740 iarn
455 1675 621 1759 attigimus
642 1673 797 1758 descripto
819 1675 860 1742 di.
883 1673 944 1741 VH
967 1675 996 1755 3,
1019 1676 1039 1740 3
1065 1670 1102 1740 'ea
1121 1691 1225 1739 exem·

131 1782 186 1864 pla
205 1782 258 1848 ubi
280 1783 312 1848 in
331 1783 434 1849 locum
457 1783 585 1865 repetiti
605 1781 740 1850 nominis
759 1800 931 1865 pronomen
946 1781 1154 1851 substitutum
1168 1786 1226 1849 est.

133 1895 239 1974 Atque
259 1910 488 1975 supervacuum
511 1894 572 1958 erit
593 1893 698 1960 omnia
718 1893 814 1960 huius
832 1895 927 1958 notae
948 1890 1227 1974 exemplaadver-

132 2001 358 2105 bumlrelerre,
379 2019 480 2084 pauca
501 1987 711 2068 satisfacient:
729 2010 868 2082 parentes
882 2007 1020 2083 ueruto
1033 2024 1132 2068 eorum
1145 2000 1176 2067 d.
1188 1999 1227 2073 cl.

134 2111 200 2188 18,
223 2112 250 2178 7.
282 2117 375 2193 primi
401 2118 569 2178 mortalium
590 2120 695 2193 quique
716 2135 751 2178 ece
770 2119 817 2178 te's
838 2119 930 2193 aeaut
949 2131 998 2195 ep.
1013 2113 1064 2191 90,
1088 2111 1117 2176 4.
1153 2107 1228 2174 Per·

134 2239 210 2317 sona
242 2226 348 2287 autem
366 2225 478 2305 ¹atque
512 2240 564 2289 res
597 2221 638 2288 ad
664 2241 736 2288 eam
763 2221 924 2304 pertinens
947 2221 1131 2289 coniunctae
1152 2225 1228 2286 sunt

134 2342 337 2413 praeceptores
369 2355 523 2414 toruaque
552 2338 689 2410 benefida
719 2331 748 2398 d.
774 2331 806 2398 b.
834 2332 885 2398 HI
911 2334 940 2412 3,
964 2333 994 2398 t.
1037 2349 1088 2398 res
1115 2333 1148 2395 et
1176 2347 1228 2396 res

134 2447 328 2508 condemnem
357 2450 450 2508 amris
480 2465 638 2524 cursusque
670 2449 732 2509 eius
762 2441 803 2507 di.
835 2440 899 2507 XII
933 2443 984 2522 20,
1013 2441 1043 2506 2.
1106 2436 1228 2523 Similia

138 2553 227 2614 sunt:
263 2565 311 2630 ep.
333 2550 383 2632 95,
406 2550 457 2615 43.
489 2568 537 2631 ep.
561 2552 631 2635 110,
650 2551 679 2615 9.
712 2549 741 2615 d.
762 2548 791 2616 b.
812 2547 906 2629 1117,
931 2549 958 2614 1.
992 2547 1176 2628 (1111110,
1201 2548 1228 2612 1.

137 2656 177 2722 di.
201 2657 300 2741 vet,
324 2661 350 2725 1.
387 2659 427 2724 di.
450 2659 510 2726 VH
527 2661 577 2742 20,
599 2661 628 2726 6.
660 2658 818 2738 (111119,
843 2661 870 2725 7.
903 2658 944 2724 di.
966 2657 1028 2723 XII
1051 2657 1104 2739 20,
1125 2657 1154 2723 2.

238 2768 410 2836 Rarissime
440 2774 548 2835 autem
578 2794 614 2837 oc
645 2769 678 2834 in
708 2769 826 2835 talibus
853 2766 1017 2834 sententiis
1040 2766 1230 2834 conlocatur.

136 2879 242 2960 Atque
267 2896 365 2944 unum
392 2883 518 2944 tantum
544 2877 722 2961 exemplum
743 2878 806 2962 legi
825 2879 909 2961 quod
931 2876 1026 2958 plane
1047 2894 1119 2943 curn
1142 2877 1229 2941 ante·

135 2989 317 3057 cedentibus
346 2991 535 3070 congrueret
561 2999 657 3055 terroe
683 3011 718 3054 oe
743 2995 832 3054 terris
852 2993 949 3053 vetuo
969 3004 999 3051 n.
1022 3005 1052 3069 q.
1071 2986 1087 3051 Ι
1108 3004 1156 3068 pr.
1180 2985 1231 3050 14.

136 3099 248 3166 Cetera
269 3116 342 3165 vero
365 3098 497 3181 paulum
517 3097 581 3164 iam
602 3097 641 3164 ab
662 3098 722 3164 hac
742 3094 931 3162 formatione
945 3092 1115 3161 deflectunt
1129 3101 1231 3160 misu-

135 3212 229 3272 rimus
259 3229 294 3273 oe
325 3214 491 3274 miserrimo
521 3213 617 3274 omnio
646 3212 776 3285 efficiens
801 3223 848 3289 ep.
883 3203 952 3285 101,
983 3204 1031 3268 10.
1075 3206 1230 3282 Cambyses
1334 3295 1336 3301 J

134 3320 267 3393 turtum
293 3338 328 3381 ec
356 3321 460 3395 furore
480 3322 606 3396 feliciter
624 3338 696 3381 usuc
717 3333 766 3397 ep.
788 3313 838 3394 86,
863 3314 891 3378 l.
947 3310 1060 3394 quibus
1080 3310 1230 3377 adstruas

137 3441 185 3506 ep.
208 3425 259 3505 92,
281 3424 331 3490 30.
366 3442 415 3506 ep.
439 3425 508 3506 102,
533 3425 581 3491 15.
635 3428 748 3491 laetitio
773 3427 837 3489 olto
865 3431 952 3502 atque
972 3443 1009 3488 ec
1035 3425 1095 3487 olto
1114 3426 1230 3529 amieos

136 3533 177 3600 di.
199 3532 312 3614 V114,
334 3535 364 3599 4.

672 3738 731 3805 XI.

237 3866 420 3938 Sententiae
433 3868 484 3934 vel
505 3865 647 3933 notiones
667 3862 844 3932 contrariae
864 3861 903 3929 de
918 3861 1031 3944 quibus
1044 3860 1231 3943 idemvalet,

139 3996 305 4061 exaequo
332 3992 556 4061 saepenumero
591 3977 752 4057 ponuntur
778 3990 835 4054 per
859 3980 936 4036 et-et.
979 3971 1144 4037 Interdum
1172 3969 1232 4036 hoc

140 4088 237 4154 etiam
257 4105 314 4170 per
337 4109 459 4169 que-pue
479 4083 548 4152 fieri
562 4102 660 4166 supra
677 4082 830 4161 vidimus,
863 4076 1021 4146 artissime
1042 4083 1149 4146 tamen
1171 4078 1231 4144 air-

140 4195 349 4277 cumsoriptus
369 4196 420 4263 hic
436 4213 513 4261 usus
535 4197 662 4277 practer
684 4207 737 4256 cos
760 4189 846 4256 locos
859 4187 913 4253 ubi
928 4187 1031 4255 oratio
1045 4206 1102 4271 per
1115 4187 1232 4270 duplex

139 4305 351 4374 enuntiatum
368 4305 537 4373 relativum
567 4301 784 4388 progreditur,
819 4317 881 4365 non
903 4297 1072 4367 invenitur.
1115 4297 1232 4364 Rarius

1013 4432 1034 4484 s
