2746 4724
673 252 716 323 68

218 448 297 522 puae)
315 465 376 518 epea
393 465 467 506 cana
486 449 585 506 dunen
606 467 651 521 ep.
670 451 714 521 74,
732 452 759 507 9.
793 464 895 508 uaccae
913 454 952 507 cet
970 465 1037 507 aera
1055 447 1164 505 anani
1183 463 1244 505 onc-

219 550 336 614 ratuuq.
356 545 506 601 incumbere
523 564 549 600 5.
567 563 593 616 q.
611 545 636 601 V
656 548 699 616 14,
722 548 747 603 3.

245 641 414 707 Nominum
439 644 547 709 autem
562 643 708 725 exempla
723 660 795 708 cum
815 659 877 707 555
900 641 1004 729 omnio
1019 641 1161 708 eiusdem
1180 639 1245 706 siut

148 751 345 831 condicionis,
369 752 471 818 satius
492 751 618 817 videtur
640 771 702 818 555
722 769 783 817 555
796 751 864 817 1555
886 752 969 835 poni,
992 751 1048 818 sed
1070 749 1244 817 indiverso

146 879 264 942 genera
285 860 394 942 digeri.
437 859 643 928 Proferantnr
672 879 747 944 ergo
775 860 921 944 primum,
945 861 998 926 ubi
1017 877 1154 944 persona
1174 877 1243 940 per·

146 987 242 1034 sonae
264 970 405 1036 accedit:

198 1079 300 1135 ¹duces
319 1079 445 1156 ducumq.
460 1079 620 1149 proponunt
638 1079 676 1134 di.
694 1079 733 1134 XI
755 1080 796 1149 11,
822 1079 847 1134 4.
901 1077 1041 1149 Scipiones
1063 1077 1244 1148 Scipionump.

217 1181 317 1231 matres
335 1174 372 1229 di.
392 1173 429 1230 VI
449 1174 490 1242 16,
509 1177 534 1229 5.
571 1180 682 1230 cenatur
697 1175 843 1246 popuiueq.
867 1180 965 1230 senatu
988 1174 1085 1229 undio
1105 1173 1141 1229 di.
1162 1173 1201 1226 IX
1218 1173 1244 1240 5,

218 1275 244 1326 6.
279 1271 386 1342 reputas
403 1287 503 1342 559555.
521 1272 713 1327 simulantibus
731 1271 759 1327 d.
779 1272 807 1327 b.
826 1270 863 1327 VI
883 1273 926 1341 34,
946 1275 970 1325 1.
1025 1271 1089 1326 dccc
1106 1257 1243 1338 daerente.

220 1370 345 1424 aemulae⁸
365 1386 407 1439 ep.
426 1369 469 1437 59,
490 1370 530 1423 18.

243 1463 310 1531 Nec
331 1468 380 1531 eet
401 1463 485 1547 quod
506 1464 685 1530 dubitemus
714 1463 788 1530 huie
809 1463 916 1545 generi
938 1464 1087 1538 inserere,
1116 1461 1242 1528 etiamsi
1355 1543 1358 1548 ι

95 1660 97 1663 ¹
147 1591 209 1640 555
232 1572 372 1640 eiusdem
394 1573 528 1640 nominis
549 1572 585 1638 fit
606 1573 761 1657 repetitio,
784 1573 842 1638 hoe
862 1572 960 1639 locos:
1052 1660 1055 1664 Α

217 1683 410 1754 occupationes
436 1682 553 1738 diuitum
582 1683 826 1752 eonuratunuq.
853 1681 891 1737 ud
919 1681 1034 1737 diutius
1058 1680 1179 1736 aunum
1197 1695 1243 1750 ep.

220 1781 261 1849 17,
288 1781 314 1834 9.
370 1777 472 1833 deinde
494 1779 607 1848 cupient
632 1779 856 1849 adfectatum.
879 1778 1033 1848 cupitute'ae
1058 1776 1095 1832 di.
1116 1776 1143 1829 11
1164 1778 1241 1846 19,3

218 1881 247 1931 55
265 1874 377 1945 capiens
396 1874 620 1945 adnectatorq.
639 1876 793 1944 5555555555
810 1892 853 1946 ep.
872 1875 915 1944 65,
934 1875 976 1929 18.

246 1973 393 2052 Utroque
414 1973 472 2037 hoc
503 1971 579 2052 loco,
610 1976 646 2038 ut
667 1972 764 2037 verba
790 1971 913 2054 docent,
942 1967 1101 2052 periectas
1121 1969 1173 2035 ille
1195 1967 1244 2033 vir

146 2083 202 2166 qui
222 2082 263 2148 ad
285 2100 392 2148 arcem
406 2081 581 2162 sapientiae
601 2082 663 2146 iam
679 2081 833 2164 pervent,
856 2080 1027 2162 opponitur
1050 2079 1079 2145 ei
1094 2079 1148 2161 qui
1169 2095 1244 2145 con-

148 2193 218 2257 silio
240 2191 368 2273 quidem
391 2193 423 2255 et
444 2191 607 2257 voluntate
622 2209 681 2273 par
702 2191 808 2272 priori,
828 2188 966 2255 nondum
982 2193 1089 2255 tamen
1110 2189 1142 2252 in
1158 2205 1242 2256 aum·
1266 2171 1269 2176 ’

149 2317 237 2365 mum
257 2297 392 2382 gradum
407 2298 580 2378 adscendit,
602 2299 794 2380 atquehunc
813 2297 950 2364 alterum
967 2297 1021 2378 qui
1034 2297 1242 2379 adfectatorem

150 2415 311 2488 saptentiae
337 2408 504 2487 vocaverit,
533 2413 608 2492 apto
639 2407 765 2474 nomine
791 2411 907 2474 utetur.
949 2404 1038 2473 Idem
1066 2411 1173 2474 autem
1204 2404 1243 2472 de

148 2536 223 2586 voce
244 2525 408 2585 5515555555
428 2534 491 2582 555
511 2516 622 2597 iudico,
645 2515 740 2583 imrrio
763 2515 870 2582 dubIto
892 2517 951 2582 hoc
965 2517 1092 2599 quidem
1112 2518 1181 2585 loco
1203 2518 1243 2584 de

148 2627 282 2694 veritate
304 2628 380 2706 eius,
401 2626 473 2693 licet
496 2634 528 2694 et
549 2626 598 2692 hic
619 2626 761 2693 codIcum
779 2626 969 2693 auctoritate
991 2623 1190 2709 defendatur,
1211 2632 1244 2693 et

146 2737 195 2805 bis
215 2744 381 2833 adsectator
397 2744 564 2817 5555555555
581 2736 705 2817 legatur
716 2735 801 2817 apud
811 2733 957 2814 Plinium,
972 2741 1073 2814 patris
1092 2742 1244 2831 55555555

146 2853 261 2914 Philtru
281 2853 471 2912 adsumtorie
490 2852 650 2925 saptentiae
661 2845 739 2911 VIII
756 2846 805 2925 17,
833 2845 919 2910 2155
940 2849 1057 2910 Seutiue
1074 2851 1245 2912 cRontuuia

146 2936 309 3036 capientur
339 2961 569 3021 adsectatoribus
601 2954 708 3019 XVIII
740 2955 791 3031 28,
824 2955 874 3018 68.
927 2953 988 3022 Sed
1021 2958 1156 3035 utroque
1176 2953 1244 3021 loco

147 3082 211 3131 non
233 3063 272 3128 de
293 3083 330 3130 eo
360 3063 500 3147 loquitur
529 3068 640 3130 auctor
668 3063 721 3146 qui
746 3063 890 3129 omnibus
916 3062 1035 3128 viribus
1061 3061 1102 3128 ad
1122 3063 1243 3144 eapien-

148 3172 227 3237 tiam
248 3173 361 3249 tendit,
385 3172 501 3240 cedde
522 3191 558 3238 eo
580 3173 634 3253 qui
663 3171 697 3237 in
718 3171 934 3254 philosophiae
960 3170 1066 3238 studio
1088 3176 1243 3251 versatur,

147 3280 194 3347 ita
214 3283 251 3345 ut
273 3282 358 3360 apud
382 3281 518 3347 Plinium
539 3282 702 3364 propriam
731 3281 793 3344 rim
816 3299 907 3348 suam
938 3280 1078 3347 othneat
1101 3298 1164 3348 vox
1188 3288 1243 3347 aa·

146 3398 280 3471 55555555,
311 3390 391 3457 55155
421 3391 503 3457 enim
531 3409 570 3456 55
591 3387 761 3473 significari
792 3390 847 3470 qui
879 3390 1026 3456 comitem
1058 3408 1093 3456 se
1113 3389 1243 3472 praebet

147 3498 251 3578 alicui,
273 3516 372 3582 quare
393 3503 565 3580 utrumque
586 3499 717 3564 verbum
737 3504 812 3581 apte
833 3499 1033 3566 coniunctum
1056 3499 1134 3581 legis
1156 3498 1242 3581 apud

147 3609 252 3692 ipsum
272 3606 425 3675 Senecam
458 3614 621 3674 edentatae
643 3629 789 3688 cuneoque
814 3608 854 3673 di.
877 3607 921 3673 IX
944 3610 972 3688 1,
995 3608 1014 3672 8
1036 3606 1244 3688 ciuiliterque

149 3719 234 3805 apud
256 3717 317 3784 cic.
339 3734 397 3799 pro
418 3716 519 3782 Balbo
538 3718 592 3800 27,
617 3718 658 3783 62
690 3740 754 3784 curn
786 3725 923 3783 comttatu
952 3723 1242 3797 caueatuunsque.

148 3832 253 3910 Atque
275 3835 393 3895 natura
426 3826 514 3894 verbi
546 3844 583 3892 eo
614 3825 685 3907 fert,
713 3833 750 3893 55
770 3829 978 3908 componatur
998 3845 1068 3893 cum
1091 3825 1241 3908 personia,

148 3955 220 4004 cum
240 3938 336 4005 rebus
362 3937 569 4020 compositum
592 3941 719 4017 praeter
746 3937 804 4002 hoe
828 3935 921 4002 Plinii
942 3940 975 4003 et
995 3935 1085 4003 illum
1106 3936 1242 4004 Senecae

147 4048 251 4114 locum
273 4066 336 4115 555
358 4046 475 4128 inveni3
505 4063 579 4112 nam
607 4045 692 4127 apud
717 4045 851 4111 eundem
877 4044 1013 4112 PIInIum
1040 4044 1146 4111 XXIX
1170 4046 1199 4126 1,
1221 4045 1241 4110 5

147 4156 230 4223 inter
250 4158 347 4225 verba
368 4163 546 4238 aequatae
570 4161 736 4223 adsectator
768 4159 854 4222 recte
882 4154 1090 4222 distinctionis
1114 4155 1240 4237 signum

95 4330 98 4337 .
147 4267 252 4349 posuit
282 4265 341 4332 Ad.
374 4267 590 4351 Kteseliugins.
631 4265 761 4335 Meliore
792 4282 868 4347 ergo
898 4265 966 4332 inre
996 4264 1022 4332 si
1057 4262 1120 4331 vim
1153 4265 1240 4333 verbi
