2746 4724
669 207 710 274 68

139 411 274 478 maxime
296 409 483 479 documento
504 410 562 486 est,
584 405 668 488 quod
689 406 721 470 in
744 406 824 472 serie
845 405 1052 490 complurium
1066 404 1234 471 verborum

139 519 264 605 singula
284 535 352 587 sese
374 535 436 583 non
459 534 518 598 per
539 526 574 595 et,
595 517 650 584 sed
668 516 799 584 diversis
821 516 922 583 modis
942 515 1137 598 excipiunt.¹

238 626 282 694 iit
314 625 414 710 primo
449 626 574 708 quidem
596 627 663 693 loeo
685 624 874 692 nominanda
895 625 991 691 trium
1013 623 1235 691 vocabulorum

139 736 297 820 copulatio
314 753 395 817 quae
417 734 454 800 fit
474 751 531 818 per
551 749 656 815 que-et,
678 742 774 801 dicam
791 768 832 779 —
855 740 1094 814 quemadmodum
1108 741 1236 799 irascem-

140 858 197 914 tem
226 853 403 913 retineamus
431 851 635 926 placemusque
670 853 698 910 et
717 850 758 910 ad
778 851 931 911 caudatam
951 850 1124 910 reducamus
1144 841 1186 909 di.
1207 842 1237 909 V

49 946 52 950 ’
141 956 170 1036 5,
186 957 215 1020 2.
251 953 395 1026 Secunda
416 957 524 1021 anum
544 953 585 1021 ab
606 954 666 1021 hoc
689 972 748 1021 usu
769 953 894 1020 videtur
915 971 985 1021 esse
1005 952 1164 1034 copulatio
1178 969 1236 1035 per

141 1073 228 1143 acet,
250 1063 338 1135 velut
358 1070 520 1144 muratum
540 1070 585 1129 utr'
605 1087 640 1130 ac
661 1070 834 1130 sorautr'bus
856 1073 884 1130 et
899 1070 1083 1144 qoauuep.
1101 1061 1238 1141 114,14.

143 1174 303 1255 Frequens
323 1173 420 1240 etiam
443 1176 493 1239 est
514 1190 591 1239 usus
611 1172 839 1254 particularum
860 1165 965 1252 etque,
987 1180 1072 1238 traua
1088 1176 1240 1237 Hadriam

142 1293 170 1350 et
191 1288 310 1348 Iratam
321 1275 583 1365 Aeqaeumqueep.
596 1283 645 1362 89,
667 1283 717 1348 20.
755 1280 886 1364 Saepius
898 1297 974 1346 vero
985 1281 1025 1347 ad
1037 1279 1133 1347 verba
1145 1295 1240 1360 copu-

142 1391 240 1458 landa
249 1408 343 1472 quam
357 1391 484 1457 nomina
497 1389 673 1457 adhibitum
685 1390 747 1456 vidi
761 1401 847 1471 etue,
860 1413 946 1457 erras
955 1400 983 1456 et
992 1397 1090 1472 aqere's
1100 1413 1135 1456 aa
1146 1395 1242 1454 locum

146 1523 182 1567 ee
204 1506 263 1566 loeo
281 1508 377 1564 motae
398 1500 509 1580 ep.28,
530 1499 559 1563 5.
603 1498 722 1565 Minore
742 1503 849 1565 tamen
871 1498 1086 1579 exemplorum
1108 1513 1242 1562 numero

60 1596 62 1601 ’
147 1610 284 1694 probata
315 1611 390 1674 sunt
416 1618 571 1689 que-atque
591 1609 654 1691 (aa)
676 1612 708 1674 et
730 1618 816 1689 atque
838 1605 900 1692 (ac)
922 1631 1007 1689 -que,
1040 1606 1146 1690 qualia
1166 1611 1243 1672 sunt
1337 1597 1349 1622 ‘

145 1727 329 1799 praeeram
353 1723 488 1798 suamque
514 1741 549 1783 ac
573 1723 705 1811 tribuual
734 1715 775 1784 di.
803 1716 907 1801 11‘212,
932 1719 961 1782 2.
992 1721 1025 1783 ot
1053 1721 1243 1798 Garttaqe'rm's

147 1852 182 1894 aa
196 1828 382 1922 [Numantiae
405 1831 594 1907 Corinthique
615 1833 741 1893 timerem
762 1827 801 1890 di.
827 1826 874 1891 XI
896 1828 923 1905 1,
948 1828 967 1891 2
990 1844 1027 1892 ac
1050 1844 1089 1891 ne
1110 1825 1241 1892 tertiam

146 1935 303 2023 desideres
323 1935 522 2017 particulam,
544 1933 712 2002 histriam
735 1935 859 2001 urbium
882 1936 1062 2002 nominibus
1081 1935 1241 2002 adiectum

150 2045 229 2126 legis
250 2053 287 2111 et
307 2051 334 2110 a?
356 2052 428 2125 quid
450 2051 539 2110 altars
557 2051 668 2112 amedu.
704 2044 775 2111 Uno
795 2046 862 2111 ioco
877 2045 983 2111 addito
998 2046 1052 2126 qui
1067 2062 1163 2126 quam
1179 2043 1245 2110 late

147 2156 259 2237 pateat
290 2152 369 2220 haec
395 2154 477 2220 ratio
509 2153 672 2232 ostendat,
705 2152 798 2221 finem
826 2152 949 2221 faciam.
992 2153 1137 2235 Quinque
1161 2152 1246 2220 enim

150 2261 408 2330 verberandis
440 2263 558 2344 copulis
590 2267 820 2346 componuntur
851 2282 882 2330 n.
909 2281 938 2345 q.
961 2263 989 2330 V
1011 2267 1031 2330 2
1059 2286 1171 2330 aurare
1200 2274 1246 2331 est

148 2377 210 2439 alia
231 2376 301 2438 atita
321 2376 454 2437 iaeidaut
472 2380 504 2437 et
525 2378 669 2452 impellant
689 2397 729 2441 aa
750 2379 933 2454 repelleretur
945 2379 1192 2455 tupitceutrrrque
1213 2383 1247 2441 et

149 2487 382 2561 commmoratur.

256 2588 425 2656 Adiectum
452 2591 623 2657 secundum
644 2592 830 2659 vocabulum
851 2610 908 2676 per
929 2616 985 2674 qua
1005 2592 1117 2660 ceteris
1138 2609 1194 2675 per
1216 2602 1244 2658 et
1327 2675 1328 2678 Ἴ

151 2698 323 2766 coniunctis
345 2699 485 2781 plodens
507 2700 580 2782 legi,
602 2699 688 2767 velut
710 2707 777 2767 boat
796 2708 986 2784 maqtstratac
1003 2711 1198 2785 parentesque
1218 2713 1247 2768 et

151 2816 356 2888 praeceptores
387 2818 415 2874 et
448 2815 559 2875 tudr‘ear
590 2808 630 2875 oi.
653 2810 697 2875 IV
719 2811 768 2891 27,
790 2812 821 2886 3,
840 2835 875 2877 aa
900 2815 1008 2877 autern
1036 2812 1081 2876 ita
1102 2813 1247 2892 usurpati

155 2935 252 2983 unum
279 2918 460 2998 exemplum
486 2922 612 2984 tantum
637 2923 766 3000 praesto
793 2919 869 2986 mihi
891 2925 941 2988 est
960 2927 1072 2988 uidebis
1090 2928 1193 2990 caeder
1214 2945 1249 2989 ac
1325 2926 1328 2930 ’

153 3048 263 3093 reuera
283 3033 448 3092 ‹rt-et-et-et·
466 3026 506 3093 di.
527 3027 579 3093 III
602 3028 630 3108 2,
656 3028 683 3092 1.
1318 3064 1323 3069 «

257 3132 397 3201 Mirtum
425 3135 584 3215 quaedam
615 3134 790 3220 figurarum
818 3136 1015 3222 polysyndeti
1047 3144 1081 3206 et
1102 3139 1248 3222 asyndeti
1317 3160 1320 3165 ⁴

154 3240 190 3310 fit
211 3242 326 3316 omissa
346 3243 503 3324 particula
523 3243 556 3309 in
576 3244 725 3330 membris
746 3246 917 3328 prioribus,
945 3248 1053 3314 addita
1074 3252 1248 3331 postremo,

153 3352 238 3433 quod
265 3356 334 3417 tum
355 3352 493 3419 maxime
512 3351 580 3420 fieri
602 3354 694 3436 solet,
715 3355 742 3421 si
764 3353 879 3423 ultima
900 3374 962 3423 vox
983 3361 1041 3423 aut
1061 3357 1247 3425 anteceden·
1309 3428 1312 3432 ,

67 3483 69 3487 ’
155 3461 201 3527 tia
227 3461 332 3527 omnia
351 3465 409 3527 aut
430 3479 512 3543 quae
531 3462 669 3530 nondum
689 3465 850 3531 nominata
867 3471 942 3533 sunt
962 3467 1179 3550 complectitur
1200 3467 1247 3534 id-

156 3587 217 3651 que
238 3570 400 3653 proprium
422 3590 490 3638 esse
511 3572 648 3641 officium
662 3599 717 3656 que
730 3573 905 3658 particulae
920 3580 1029 3642 notum
1044 3581 1102 3643 eat.
1136 3574 1251 3660 Super-

156 3677 249 3746 sedeo
269 3677 392 3746 adferre
413 3683 557 3765 exempla
580 3683 612 3750 id
627 3687 754 3750 tantum
771 3690 1073 3753 commemoraturus
1094 3707 1157 3767 que,
1177 3703 1249 3751 cum

156 3788 328 3855 identidem
360 3789 522 3859 adiectivis
551 3801 639 3860 edere·
676 3799 709 3861 et
735 3802 812 3860 ottus
834 3795 1004 3876 adiciatur,
1034 3795 1067 3860 in
1086 3793 1149 3860 fine
1166 3795 1251 3863 vocis

77 3881 82 3898 '
156 3904 289 3978 reliquus
303 3915 366 3964 non
387 3899 519 3966 inveniri
540 3901 625 3986 apud
646 3901 804 3969 Senecam.
848 3904 991 3988 Denique
1012 3902 1052 3970 ab
1073 3903 1251 3970 adhibenda

157 4006 313 4089 particula
343 4015 438 4090 arque·
458 4009 489 4074 in
517 4009 577 4077 hoo
602 4029 717 4096 genere
744 4011 892 4080 Senecam
915 4030 1041 4094 quoque
1062 4011 1253 4079 abstinuisse

159 4121 252 4199 puto,
281 4135 354 4183 nam
387 4120 472 4200 quod
501 4120 547 4186 ita
574 4123 778 4191 constitutum
806 4143 875 4192 esse
900 4124 1079 4207 exemplum
1098 4121 1282 4203 videntum·

160 4217 252 4284 aliter
274 4226 494 4307 explicandum
518 4235 576 4301 est.
618 4231 748 4314 Legitur
770 4233 852 4300 enirn
873 4234 913 4301 di.
934 4234 979 4301 IV
992 4233 1041 4316 19,
1064 4233 1081 4298 1
1103 4254 1251 4298 mama
