<?xml version="1.0" encoding="UTF-8"?>
<!DOCTYPE html PUBLIC "-//W3C//DTD XHTML 1.0 Transitional//EN"
    "http://www.w3.org/TR/xhtml1/DTD/xhtml1-transitional.dtd">
<html xmlns="http://www.w3.org/1999/xhtml" xml:lang="en" lang="en">
 <head>
  <title>
</title>
<meta http-equiv="Content-Type" content="text/html;charset=utf-8" />
  <meta name='ocr-system' content='tesseract 3.04.00' />
  <meta name='ocr-capabilities' content='ocr_page ocr_carea ocr_par ocr_line ocrx_word'/>
</head>
<body>
  <div class='ocr_page' id='page_1' title='image "./animadversiones00klamgoog_0076.png"; bbox 0 0 2746 4724; ppageno 0'>
   <div class='ocr_carea' id='block_1_1' title="bbox 603 216 746 306">
    <p class='ocr_par' dir='ltr' id='par_1_1' title="bbox 603 216 746 306">
     <span class='ocr_line' id='line_1_1' title="bbox 603 216 746 306; baseline 0 0"><span class='ocrx_word' id='word_1_1' title='bbox 603 238 606 245; x_wconf 78' lang='grc'><strong>’</strong></span> <span class='ocrx_word' id='word_1_2' title='bbox 698 216 746 306; x_wconf 66' lang='lat' dir='ltr'><strong>‘ir</strong></span> 
     </span>
    </p>
   </div>
   <div class='ocr_carea' id='block_1_2' title="bbox 137 439 1272 1395">
    <p class='ocr_par' dir='ltr' id='par_1_2' title="bbox 137 439 1272 1395">
     <span class='ocr_line' id='line_1_2' title="bbox 180 439 1271 521; baseline -0.001 -17"><span class='ocrx_word' id='word_1_3' title='bbox 180 439 255 505; x_wconf 89' lang='lat' dir='ltr'><strong>dum</strong></span> <span class='ocrx_word' id='word_1_4' title='bbox 279 458 350 506; x_wconf 91' lang='lat' dir='ltr'><strong>curn</strong></span> <span class='ocrx_word' id='word_1_5' title='bbox 371 464 405 506; x_wconf 88' lang='lat' dir='ltr'><strong>aa</strong></span> <span class='ocrx_word' id='word_1_6' title='bbox 425 446 583 520; x_wconf 72' lang='lat' dir='ltr'><strong><em>nequitiae,</em></strong></span> <span class='ocrx_word' id='word_1_7' title='bbox 606 440 639 505; x_wconf 90' lang='lat' dir='ltr'><strong>in</strong></span> <span class='ocrx_word' id='word_1_8' title='bbox 659 456 721 520; x_wconf 90' lang='lat' dir='ltr'><strong>quo</strong></span> <span class='ocrx_word' id='word_1_9' title='bbox 744 441 888 521; x_wconf 90' lang='lat' dir='ltr'><strong>displicet</strong></span> <span class='ocrx_word' id='word_1_10' title='bbox 908 439 1115 506; x_wconf 81' lang='lat' dir='ltr'><strong>commissura</strong></span> <span class='ocrx_word' id='word_1_11' title='bbox 1136 439 1271 505; x_wconf 84' lang='lat' dir='ltr'><strong>duorum</strong></span> 
     </span>
     <span class='ocr_line' id='line_1_3' title="bbox 137 551 1269 634; baseline -0.003 -15"><span class='ocrx_word' id='word_1_12' title='bbox 137 583 139 586; x_wconf 52' lang='lat'>&gt;</span> <span class='ocrx_word' id='word_1_13' title='bbox 178 552 321 619; x_wconf 88' lang='lat' dir='ltr'><strong>diversae</strong></span> <span class='ocrx_word' id='word_1_14' title='bbox 361 551 491 618; x_wconf 85' lang='lat' dir='ltr'><strong>rationis</strong></span> <span class='ocrx_word' id='word_1_15' title='bbox 530 552 747 634; x_wconf 86' lang='lat' dir='ltr'><strong>genetivorum</strong></span> <span class='ocrx_word' id='word_1_16' title='bbox 782 558 904 618; x_wconf 75' lang='lat' dir='ltr'><strong>tamor·</strong></span> <span class='ocrx_word' id='word_1_17' title='bbox 932 558 1048 634; x_wconf 72' lang='lat' dir='ltr'><strong>pauoris</strong></span> <span class='ocrx_word' id='word_1_18' title='bbox 1074 556 1107 616; x_wconf 89' lang='lat' dir='ltr'><strong>et</strong></span> <span class='ocrx_word' id='word_1_19' title='bbox 1141 552 1269 629; x_wconf 70' lang='lat' dir='ltr'><strong>frauda.</strong></span> 
     </span>
     <span class='ocr_line' id='line_1_4' title="bbox 178 658 1270 744; baseline 0 -20"><span class='ocrx_word' id='word_1_20' title='bbox 178 658 282 726; x_wconf 83' lang='lat' dir='ltr'><strong>Aliam</strong></span> <span class='ocrx_word' id='word_1_21' title='bbox 316 678 391 742; x_wconf 82' lang='lat' dir='ltr'><strong>ergo</strong></span> <span class='ocrx_word' id='word_1_22' title='bbox 419 661 594 744; x_wconf 84' lang='lat' dir='ltr'><strong>corrigendi</strong></span> <span class='ocrx_word' id='word_1_23' title='bbox 617 661 700 726; x_wconf 89' lang='lat' dir='ltr'><strong>viam</strong></span> <span class='ocrx_word' id='word_1_24' title='bbox 723 662 884 743; x_wconf 82' lang='lat' dir='ltr'><strong>ingressus</strong></span> <span class='ocrx_word' id='word_1_25' title='bbox 905 671 932 726; x_wconf 86' lang='lat' dir='ltr'><strong>et</strong></span> <span class='ocrx_word' id='word_1_26' title='bbox 953 661 1107 726; x_wconf 89' lang='lat' dir='ltr'><strong>intactum</strong></span> <span class='ocrx_word' id='word_1_27' title='bbox 1127 660 1270 743; x_wconf 88' lang='lat' dir='ltr'><strong>relinquo</strong></span> 
     </span>
     <span class='ocr_line' id='line_1_5' title="bbox 177 765 1270 850; baseline -0.001 -17"><span class='ocrx_word' id='word_1_28' title='bbox 177 774 209 835; x_wconf 91' lang='lat' dir='ltr'><strong>et</strong></span> <span class='ocrx_word' id='word_1_29' title='bbox 235 769 382 835; x_wconf 86' lang='lat' dir='ltr'><strong>mendum</strong></span> <span class='ocrx_word' id='word_1_30' title='bbox 410 769 536 835; x_wconf 88' lang='lat' dir='ltr'><strong>vocibus</strong></span> <span class='ocrx_word' id='word_1_31' title='bbox 562 777 682 836; x_wconf 79' lang='lat' dir='ltr'><strong>tumeat</strong></span> <span class='ocrx_word' id='word_1_32' title='bbox 699 779 815 850; x_wconf 79' lang='lat' dir='ltr'><strong>acuatu</strong></span> <span class='ocrx_word' id='word_1_33' title='bbox 836 770 964 836; x_wconf 81' lang='lat' dir='ltr'><strong>subesse</strong></span> <span class='ocrx_word' id='word_1_34' title='bbox 987 768 1136 850; x_wconf 86' lang='lat' dir='ltr'><strong>suspicor.</strong></span> <span class='ocrx_word' id='word_1_35' title='bbox 1180 765 1270 834; x_wconf 81' lang='lat' dir='ltr'><strong>Desi-</strong></span> 
     </span>
     <span class='ocr_line' id='line_1_6' title="bbox 177 878 1269 969; baseline -0.001 -26"><span class='ocrx_word' id='word_1_36' title='bbox 177 878 308 946; x_wconf 87' lang='lat' dir='ltr'><strong>deratur</strong></span> <span class='ocrx_word' id='word_1_37' title='bbox 329 879 411 944; x_wconf 89' lang='lat' dir='ltr'><strong>enim</strong></span> <span class='ocrx_word' id='word_1_38' title='bbox 423 879 552 944; x_wconf 87' lang='lat' dir='ltr'><strong>verbum</strong></span> <span class='ocrx_word' id='word_1_39' title='bbox 576 897 638 961; x_wconf 90' lang='lat' dir='ltr'><strong>quo</strong></span> <span class='ocrx_word' id='word_1_40' title='bbox 662 879 803 969; x_wconf 80' lang='lat' dir='ltr'><strong>apertius</strong></span> <span class='ocrx_word' id='word_1_41' title='bbox 826 880 859 944; x_wconf 87' lang='lat' dir='ltr'><strong>et</strong></span> <span class='ocrx_word' id='word_1_42' title='bbox 880 879 996 946; x_wconf 86' lang='lat' dir='ltr'><strong>olarios</strong></span> <span class='ocrx_word' id='word_1_43' title='bbox 1017 878 1072 967; x_wconf 89' lang='lat' dir='ltr'><strong>illa</strong></span> <span class='ocrx_word' id='word_1_44' title='bbox 1091 895 1142 944; x_wconf 89' lang='lat' dir='ltr'><strong>res</strong></span> <span class='ocrx_word' id='word_1_45' title='bbox 1159 880 1269 960; x_wconf 85' lang='lat' dir='ltr'><strong>arg&#39;sn·</strong></span> 
     </span>
     <span class='ocr_line' id='line_1_7' title="bbox 179 984 1269 1071; baseline -0.004 -15"><span class='ocrx_word' id='word_1_46' title='bbox 179 988 277 1068; x_wconf 86' lang='lat' dir='ltr'><strong>turia,</strong></span> <span class='ocrx_word' id='word_1_47' title='bbox 306 987 345 1054; x_wconf 90' lang='lat' dir='ltr'><strong>de</strong></span> <span class='ocrx_word' id='word_1_48' title='bbox 374 1007 438 1070; x_wconf 88' lang='lat' dir='ltr'><strong>qua</strong></span> <span class='ocrx_word' id='word_1_49' title='bbox 458 990 580 1071; x_wconf 83' lang='lat' dir='ltr'><strong>agitur,</strong></span> <span class='ocrx_word' id='word_1_50' title='bbox 613 989 796 1069; x_wconf 77' lang='lat' dir='ltr'><strong>castigetur.</strong></span> <span class='ocrx_word' id='word_1_51' title='bbox 837 984 1041 1055; x_wconf 71' lang='lat' dir='ltr'><strong>scribendum</strong></span> <span class='ocrx_word' id='word_1_52' title='bbox 1059 1004 1137 1069; x_wconf 84' lang='lat' dir='ltr'><strong>ergo</strong></span> <span class='ocrx_word' id='word_1_53' title='bbox 1160 1000 1269 1053; x_wconf 84' lang='lat' dir='ltr'><strong>censeo</strong></span> 
     </span>
     <span class='ocr_line' id='line_1_8' title="bbox 179 1096 1270 1178; baseline 0.001 -17"><span class='ocrx_word' id='word_1_54' title='bbox 179 1101 331 1162; x_wconf 83' lang='lat' dir='ltr'><strong>tooamaot</strong></span> <span class='ocrx_word' id='word_1_55' title='bbox 349 1103 470 1176; x_wconf 71' lang='lat' dir='ltr'><strong>fenora,</strong></span> <span class='ocrx_word' id='word_1_56' title='bbox 492 1115 574 1177; x_wconf 90' lang='lat' dir='ltr'><strong>quac</strong></span> <span class='ocrx_word' id='word_1_57' title='bbox 596 1097 773 1164; x_wconf 88' lang='lat' dir='ltr'><strong>coniectura</strong></span> <span class='ocrx_word' id='word_1_58' title='bbox 794 1097 914 1162; x_wconf 88' lang='lat' dir='ltr'><strong>firmari</strong></span> <span class='ocrx_word' id='word_1_59' title='bbox 934 1101 966 1163; x_wconf 91' lang='lat' dir='ltr'><strong>et</strong></span> <span class='ocrx_word' id='word_1_60' title='bbox 980 1096 1175 1178; x_wconf 84' lang='lat' dir='ltr'><strong>comprobari</strong></span> <span class='ocrx_word' id='word_1_61' title='bbox 1183 1097 1270 1162; x_wconf 84' lang='lat' dir='ltr'><strong>uidc-</strong></span> 
     </span>
     <span class='ocr_line' id='line_1_9' title="bbox 176 1200 1272 1288; baseline 0.002 -18"><span class='ocrx_word' id='word_1_62' title='bbox 176 1212 231 1270; x_wconf 88' lang='lat' dir='ltr'><strong>tur</strong></span> <span class='ocrx_word' id='word_1_63' title='bbox 252 1204 389 1271; x_wconf 83' lang='lat' dir='ltr'><strong>Senecae</strong></span> <span class='ocrx_word' id='word_1_64' title='bbox 416 1206 520 1272; x_wconf 87' lang='lat' dir='ltr'><strong>verbis</strong></span> <span class='ocrx_word' id='word_1_65' title='bbox 547 1219 629 1286; x_wconf 85' lang='lat' dir='ltr'><strong>quae</strong></span> <span class='ocrx_word' id='word_1_66' title='bbox 656 1206 805 1288; x_wconf 86' lang='lat' dir='ltr'><strong>leguntur</strong></span> <span class='ocrx_word' id='word_1_67' title='bbox 833 1206 865 1270; x_wconf 91' lang='lat' dir='ltr'><strong>in</strong></span> <span class='ocrx_word' id='word_1_68' title='bbox 891 1205 952 1270; x_wconf 87' lang='lat' dir='ltr'><strong>fine</strong></span> <span class='ocrx_word' id='word_1_69' title='bbox 974 1208 1067 1273; x_wconf 89' lang='lat' dir='ltr'><strong>huius</strong></span> <span class='ocrx_word' id='word_1_70' title='bbox 1090 1205 1200 1288; x_wconf 87' lang='lat' dir='ltr'><strong>capitis</strong></span> <span class='ocrx_word' id='word_1_71' title='bbox 1220 1200 1272 1286; x_wconf 78' lang='lat' dir='ltr'><strong>aui</strong></span> 
     </span>
     <span class='ocr_line' id='line_1_10' title="bbox 179 1296 1154 1395; baseline 0.003 -16"><span class='ocrx_word' id='word_1_72' title='bbox 179 1320 231 1380; x_wconf 81' lang='lat' dir='ltr'><strong>dat</strong></span> <span class='ocrx_word' id='word_1_73' title='bbox 253 1321 397 1394; x_wconf 68' lang='lat' dir='ltr'><strong>teactae,</strong></span> <span class='ocrx_word' id='word_1_74' title='bbox 420 1321 488 1381; x_wconf 82' lang='lat' dir='ltr'><strong>ateoc</strong></span> <span class='ocrx_word' id='word_1_75' title='bbox 501 1322 651 1391; x_wconf 83' lang='lat' dir='ltr'><strong>-ioa&#39;tatar,</strong></span> <span class='ocrx_word' id='word_1_76' title='bbox 674 1322 725 1395; x_wconf 79' lang='lat' dir='ltr'><strong>qai</strong></span> <span class='ocrx_word' id='word_1_77' title='bbox 745 1323 857 1394; x_wconf 79' lang='lat' dir='ltr'><strong>repetit,</strong></span> <span class='ocrx_word' id='word_1_78' title='bbox 883 1322 1071 1394; x_wconf 75' lang='lat' dir='ltr'><strong>feneratores.</strong></span> <span class='ocrx_word' id='word_1_79' title='bbox 1151 1296 1154 1301; x_wconf 69' lang='lat'>‚</span> 
     </span>
    </p>
   </div>
   <div class='ocr_carea' id='block_1_3' title="bbox 690 1516 1115 1582">
    <p class='ocr_par' dir='ltr' id='par_1_3' title="bbox 690 1516 1115 1582">
     <span class='ocr_line' id='line_1_11' title="bbox 690 1516 1115 1582; baseline 0 0"><span class='ocrx_word' id='word_1_80' title='bbox 690 1516 763 1582; x_wconf 87' lang='lat' dir='ltr'><strong>XII.</strong></span> <span class='ocrx_word' id='word_1_81' title='bbox 852 1559 856 1565; x_wconf 88' lang='lat'>·</span> <span class='ocrx_word' id='word_1_82' title='bbox 964 1559 968 1565; x_wconf 88' lang='lat'><strong>·</strong></span> <span class='ocrx_word' id='word_1_83' title='bbox 1070 1520 1115 1561; x_wconf 79' lang='lat'><strong>&#39;-</strong></span> 
     </span>
    </p>
   </div>
   <div class='ocr_carea' id='block_1_4' title="bbox 172 1631 1299 4326">
    <p class='ocr_par' dir='ltr' id='par_1_4' title="bbox 172 1631 1299 4104">
     <span class='ocr_line' id='line_1_12' title="bbox 277 1631 1270 1716; baseline 0.001 -19"><span class='ocrx_word' id='word_1_84' title='bbox 277 1631 310 1697; x_wconf 88' lang='lat' dir='ltr'><strong>Si</strong></span> <span class='ocrx_word' id='word_1_85' title='bbox 336 1633 429 1712; x_wconf 88' lang='lat' dir='ltr'><strong>plura</strong></span> <span class='ocrx_word' id='word_1_86' title='bbox 455 1635 583 1699; x_wconf 88' lang='lat' dir='ltr'><strong>nomina</strong></span> <span class='ocrx_word' id='word_1_87' title='bbox 603 1635 655 1698; x_wconf 83' lang='lat' dir='ltr'><strong>rel</strong></span> <span class='ocrx_word' id='word_1_88' title='bbox 686 1635 850 1700; x_wconf 89' lang='lat' dir='ltr'><strong>enuntiata</strong></span> <span class='ocrx_word' id='word_1_89' title='bbox 879 1634 990 1700; x_wconf 88' lang='lat' dir='ltr'><strong>eodem</strong></span> <span class='ocrx_word' id='word_1_90' title='bbox 1011 1634 1079 1699; x_wconf 88' lang='lat' dir='ltr'><strong>inre</strong></span> <span class='ocrx_word' id='word_1_91' title='bbox 1100 1637 1270 1716; x_wconf 82' lang='lat' dir='ltr'><strong>ponuntur,</strong></span> 
     </span>
     <span class='ocr_line' id='line_1_13' title="bbox 179 1736 1271 1825; baseline 0.003 -20"><span class='ocrx_word' id='word_1_92' title='bbox 179 1736 312 1822; x_wconf 78' lang='lat' dir='ltr'><strong>singulis</strong></span> <span class='ocrx_word' id='word_1_93' title='bbox 334 1741 447 1821; x_wconf 88' lang='lat' dir='ltr'><strong>copula</strong></span> <span class='ocrx_word' id='word_1_94' title='bbox 469 1745 526 1807; x_wconf 89' lang='lat' dir='ltr'><strong>aut</strong></span> <span class='ocrx_word' id='word_1_95' title='bbox 545 1760 606 1806; x_wconf 89' lang='lat' dir='ltr'><strong>uon</strong></span> <span class='ocrx_word' id='word_1_96' title='bbox 628 1741 853 1823; x_wconf 83' lang='lat' dir='ltr'><strong>interponitur,</strong></span> <span class='ocrx_word' id='word_1_97' title='bbox 877 1760 958 1825; x_wconf 88' lang='lat' dir='ltr'><strong>quae</strong></span> <span class='ocrx_word' id='word_1_98' title='bbox 980 1747 1029 1810; x_wconf 89' lang='lat' dir='ltr'><strong>est</strong></span> <span class='ocrx_word' id='word_1_99' title='bbox 1048 1738 1271 1824; x_wconf 76' lang='lat' dir='ltr'><strong>figura‘dlsso</strong></span> 
     </span>
     <span class='ocr_line' id='line_1_14' title="bbox 178 1849 1299 1936; baseline 0.005 -24"><span class='ocrx_word' id='word_1_100' title='bbox 178 1849 317 1928; x_wconf 88' lang='lat' dir='ltr'><strong>lotionis,</strong></span> <span class='ocrx_word' id='word_1_101' title='bbox 340 1857 396 1914; x_wconf 86' lang='lat' dir='ltr'><strong>aut</strong></span> <span class='ocrx_word' id='word_1_102' title='bbox 418 1850 637 1930; x_wconf 87' lang='lat' dir='ltr'><strong>interponitur,</strong></span> <span class='ocrx_word' id='word_1_103' title='bbox 660 1851 743 1930; x_wconf 89' lang='lat' dir='ltr'><strong>quod</strong></span> <span class='ocrx_word' id='word_1_104' title='bbox 766 1857 899 1918; x_wconf 86' lang='lat' dir='ltr'><strong>vocatur</strong></span> <span class='ocrx_word' id='word_1_105' title='bbox 918 1853 1154 1936; x_wconf 89' lang='lat' dir='ltr'><strong>polysyndeton.</strong></span> <span class='ocrx_word' id='word_1_106' title='bbox 1186 1850 1272 1918; x_wconf 83' lang='lat' dir='ltr'><strong>Rara</strong></span> <span class='ocrx_word' id='word_1_107' title='bbox 1296 1857 1299 1863; x_wconf 84' lang='lat'>&#39;</span> 
     </span>
     <span class='ocr_line' id='line_1_15' title="bbox 178 1957 1271 2042; baseline 0.004 -20"><span class='ocrx_word' id='word_1_108' title='bbox 178 1963 285 2023; x_wconf 88' lang='lat' dir='ltr'><strong>tamen</strong></span> <span class='ocrx_word' id='word_1_109' title='bbox 314 1959 347 2023; x_wconf 87' lang='lat' dir='ltr'><strong>in</strong></span> <span class='ocrx_word' id='word_1_110' title='bbox 367 1958 538 2040; x_wconf 88' lang='lat' dir='ltr'><strong>posteriorc</strong></span> <span class='ocrx_word' id='word_1_111' title='bbox 559 1957 663 2042; x_wconf 87' lang='lat' dir='ltr'><strong>figura</strong></span> <span class='ocrx_word' id='word_1_112' title='bbox 684 1963 733 2024; x_wconf 89' lang='lat' dir='ltr'><strong>cst</strong></span> <span class='ocrx_word' id='word_1_113' title='bbox 754 1960 947 2026; x_wconf 85' lang='lat' dir='ltr'><strong>coacervatio</strong></span> <span class='ocrx_word' id='word_1_114' title='bbox 969 1959 1196 2041; x_wconf 86' lang='lat' dir='ltr'><strong>particularum</strong></span> <span class='ocrx_word' id='word_1_115' title='bbox 1217 1983 1271 2040; x_wconf 78' lang='lat' dir='ltr'><strong>aue</strong></span> 
     </span>
     <span class='ocr_line' id='line_1_16' title="bbox 172 2061 1273 2148; baseline 0.001 -18"><span class='ocrx_word' id='word_1_116' title='bbox 172 2071 211 2131; x_wconf 85' lang='lat' dir='ltr'><strong>et</strong></span> <span class='ocrx_word' id='word_1_117' title='bbox 232 2089 275 2146; x_wconf 89' lang='lat' dir='ltr'><strong>aa,</strong></span> <span class='ocrx_word' id='word_1_118' title='bbox 299 2083 432 2147; x_wconf 85' lang='lat' dir='ltr'><strong>quarum</strong></span> <span class='ocrx_word' id='word_1_119' title='bbox 454 2066 508 2132; x_wconf 91' lang='lat' dir='ltr'><strong>illa</strong></span> <span class='ocrx_word' id='word_1_120' title='bbox 524 2070 560 2132; x_wconf 91' lang='lat' dir='ltr'><strong>ut</strong></span> <span class='ocrx_word' id='word_1_121' title='bbox 573 2067 678 2148; x_wconf 86' lang='lat' dir='ltr'><strong>rigore</strong></span> <span class='ocrx_word' id='word_1_122' title='bbox 693 2086 730 2133; x_wconf 91' lang='lat' dir='ltr'><strong>ac</strong></span> <span class='ocrx_word' id='word_1_123' title='bbox 742 2066 892 2134; x_wconf 85' lang='lat' dir='ltr'><strong>firmitate</strong></span> <span class='ocrx_word' id='word_1_124' title='bbox 906 2061 1099 2148; x_wconf 78' lang='lat' dir='ltr'><strong>compaginis</strong></span> <span class='ocrx_word' id='word_1_125' title='bbox 1116 2074 1273 2148; x_wconf 82' lang='lat' dir='ltr'><strong>augeatur</strong></span> 
     </span>
     <span class='ocr_line' id='line_1_17' title="bbox 176 2166 1272 2258; baseline 0.002 -18"><span class='ocrx_word' id='word_1_126' title='bbox 176 2176 317 2257; x_wconf 80' lang='lat' dir='ltr'><strong>grauitas</strong></span> <span class='ocrx_word' id='word_1_127' title='bbox 339 2175 523 2258; x_wconf 82' lang='lat' dir='ltr'><strong>verborum,</strong></span> <span class='ocrx_word' id='word_1_128' title='bbox 556 2168 697 2258; x_wconf 77' lang='lat' dir='ltr'><strong>legitime</strong></span> <span class='ocrx_word' id='word_1_129' title='bbox 726 2166 854 2258; x_wconf 90' lang='lat' dir='ltr'><strong>ponitur</strong></span> <span class='ocrx_word' id='word_1_130' title='bbox 882 2177 915 2241; x_wconf 90' lang='lat' dir='ltr'><strong>in</strong></span> <span class='ocrx_word' id='word_1_131' title='bbox 937 2177 1217 2244; x_wconf 80' lang='lat' dir='ltr'><strong>senatusconsultis</strong></span> <span class='ocrx_word' id='word_1_132' title='bbox 1238 2180 1272 2242; x_wconf 88' lang='lat' dir='ltr'><strong>et</strong></span> 
     </span>
     <span class='ocr_line' id='line_1_18' title="bbox 175 2283 1271 2367; baseline -0.001 -18"><span class='ocrx_word' id='word_1_133' title='bbox 175 2285 320 2351; x_wconf 86' lang='lat' dir='ltr'><strong>decretis.</strong></span> <span class='ocrx_word' id='word_1_134' title='bbox 362 2283 471 2349; x_wconf 88' lang='lat' dir='ltr'><strong>Utitur</strong></span> <span class='ocrx_word' id='word_1_135' title='bbox 502 2301 577 2366; x_wconf 83' lang='lat' dir='ltr'><strong>ergo</strong></span> <span class='ocrx_word' id='word_1_136' title='bbox 598 2285 657 2351; x_wconf 89' lang='lat' dir='ltr'><strong>hac</strong></span> <span class='ocrx_word' id='word_1_137' title='bbox 678 2286 822 2351; x_wconf 85' lang='lat' dir='ltr'><strong>sollemni</strong></span> <span class='ocrx_word' id='word_1_138' title='bbox 843 2285 965 2351; x_wconf 88' lang='lat' dir='ltr'><strong>dicendi</strong></span> <span class='ocrx_word' id='word_1_139' title='bbox 986 2285 1109 2351; x_wconf 87' lang='lat' dir='ltr'><strong>ratione</strong></span> <span class='ocrx_word' id='word_1_140' title='bbox 1121 2284 1271 2367; x_wconf 71' lang='lat' dir='ltr'><strong>‘Dispiter</strong></span> 
     </span>
     <span class='ocr_line' id='line_1_19' title="bbox 177 2386 1270 2472; baseline 0 -14"><span class='ocrx_word' id='word_1_141' title='bbox 177 2396 208 2458; x_wconf 90' lang='lat' dir='ltr'><strong>in</strong></span> <span class='ocrx_word' id='word_1_142' title='bbox 234 2393 309 2459; x_wconf 89' lang='lat' dir='ltr'><strong>ludo</strong></span> <span class='ocrx_word' id='word_1_143' title='bbox 334 2413 361 2460; x_wconf 93' lang='lat' dir='ltr'><strong>c.</strong></span> <span class='ocrx_word' id='word_1_144' title='bbox 383 2395 419 2472; x_wconf 81' lang='lat'><strong>9,</strong></span> <span class='ocrx_word' id='word_1_145' title='bbox 453 2392 507 2460; x_wconf 92' lang='lat' dir='ltr'><strong>ubi</strong></span> <span class='ocrx_word' id='word_1_146' title='bbox 534 2395 724 2460; x_wconf 86' lang='lat' dir='ltr'><strong>sententiam</strong></span> <span class='ocrx_word' id='word_1_147' title='bbox 744 2393 805 2461; x_wconf 88' lang='lat' dir='ltr'><strong>lert</strong></span> <span class='ocrx_word' id='word_1_148' title='bbox 826 2395 865 2459; x_wconf 88' lang='lat' dir='ltr'><strong>de</strong></span> <span class='ocrx_word' id='word_1_149' title='bbox 887 2395 958 2460; x_wconf 90' lang='lat' dir='ltr'><strong>divo</strong></span> <span class='ocrx_word' id='word_1_150' title='bbox 981 2386 1111 2461; x_wconf 81' lang='lat' dir='ltr'><strong>Claudio</strong></span> <span class='ocrx_word' id='word_1_151' title='bbox 1133 2390 1216 2459; x_wconf 83' lang='lat' dir='ltr'><strong>hunc</strong></span> <span class='ocrx_word' id='word_1_152' title='bbox 1237 2393 1270 2458; x_wconf 86' lang='lat' dir='ltr'><strong>io</strong></span> 
     </span>
     <span class='ocr_line' id='line_1_20' title="bbox 178 2496 1272 2586; baseline 0.002 -19"><span class='ocrx_word' id='word_1_153' title='bbox 178 2503 305 2568; x_wconf 89' lang='lat' dir='ltr'><strong>modum</strong></span> <span class='ocrx_word' id='word_1_154' title='bbox 342 2527 407 2569; x_wconf 84' lang='lat' dir='ltr'><strong>aum</strong></span> <span class='ocrx_word' id='word_1_155' title='bbox 438 2536 480 2551; x_wconf 87' lang='lat'>-</span> <span class='ocrx_word' id='word_1_156' title='bbox 510 2511 657 2586; x_wconf 76' lang='lat' dir='ltr'><strong>caratiapat</strong></span> <span class='ocrx_word' id='word_1_157' title='bbox 688 2512 843 2586; x_wconf 76' lang='lat' dir='ltr'><strong>lanaeque</strong></span> <span class='ocrx_word' id='word_1_158' title='bbox 875 2541 910 2551; x_wconf 89' lang='lat'><em>-</em></span> <span class='ocrx_word' id='word_1_159' title='bbox 944 2498 1098 2570; x_wconf 83' lang='lat' dir='ltr'><strong>aateaatla&#39;t</strong></span> <span class='ocrx_word' id='word_1_160' title='bbox 1125 2496 1272 2583; x_wconf 79' lang='lat' dir='ltr'><strong>oitaaea</strong></span> 
     </span>
     <span class='ocr_line' id='line_1_21' title="bbox 175 2617 1296 2693; baseline -0.002 -16"><span class='ocrx_word' id='word_1_161' title='bbox 175 2619 333 2692; x_wconf 79' lang='lat' dir='ltr'><strong>republica,</strong></span> <span class='ocrx_word' id='word_1_162' title='bbox 354 2635 452 2678; x_wconf 73' lang='lat' dir='ltr'><strong>caraea</strong></span> <span class='ocrx_word' id='word_1_163' title='bbox 473 2623 507 2678; x_wconf 90' lang='lat' dir='ltr'><strong>at</strong></span> <span class='ocrx_word' id='word_1_164' title='bbox 531 2648 565 2659; x_wconf 84' lang='lat'>-</span> <span class='ocrx_word' id='word_1_165' title='bbox 590 2620 662 2679; x_wconf 82' lang='lat' dir='ltr'><strong>aleas</strong></span> <span class='ocrx_word' id='word_1_166' title='bbox 679 2620 718 2678; x_wconf 85' lang='lat' dir='ltr'><strong>sit</strong></span> <span class='ocrx_word' id='word_1_167' title='bbox 739 2634 875 2693; x_wconf 80' lang='lat' dir='ltr'><strong>eamque</strong></span> <span class='ocrx_word' id='word_1_168' title='bbox 896 2635 960 2678; x_wconf 85' lang='lat' dir='ltr'><strong>rem</strong></span> <span class='ocrx_word' id='word_1_169' title='bbox 979 2618 1020 2677; x_wconf 81' lang='lat' dir='ltr'><strong>aa</strong></span> <span class='ocrx_word' id='word_1_170' title='bbox 1033 2617 1272 2690; x_wconf 78' lang='lat' dir='ltr'><strong>metamorphosis</strong></span> <span class='ocrx_word' id='word_1_171' title='bbox 1284 2668 1296 2693; x_wconf 31' lang='lat'><strong>¹.</strong></span> 
     </span>
     <span class='ocr_line' id='line_1_22' title="bbox 176 2719 1271 2801; baseline -0.002 -15"><span class='ocrx_word' id='word_1_172' title='bbox 176 2727 274 2787; x_wconf 80' lang='lat' dir='ltr'><strong>Oatttt</strong></span> <span class='ocrx_word' id='word_1_173' title='bbox 301 2724 507 2787; x_wconf 56' lang='lat' dir='ltr'><strong>ammam(</strong></span> <span class='ocrx_word' id='word_1_174' title='bbox 537 2722 643 2801; x_wconf 88' lang='lat' dir='ltr'><strong>Atque</strong></span> <span class='ocrx_word' id='word_1_175' title='bbox 671 2719 821 2786; x_wconf 88' lang='lat' dir='ltr'><strong>maiorem</strong></span> <span class='ocrx_word' id='word_1_176' title='bbox 851 2727 934 2786; x_wconf 87' lang='lat' dir='ltr'><strong>certe</strong></span> <span class='ocrx_word' id='word_1_177' title='bbox 956 2721 1018 2787; x_wconf 88' lang='lat' dir='ltr'><strong>vim</strong></span> <span class='ocrx_word' id='word_1_178' title='bbox 1039 2721 1141 2785; x_wconf 82' lang='lat' dir='ltr'><strong>uoluit</strong></span> <span class='ocrx_word' id='word_1_179' title='bbox 1168 2721 1271 2786; x_wconf 86' lang='lat' dir='ltr'><strong>inesse</strong></span> 
     </span>
     <span class='ocr_line' id='line_1_23' title="bbox 177 2826 1271 2910; baseline -0.001 -16"><span class='ocrx_word' id='word_1_180' title='bbox 177 2829 295 2896; x_wconf 82' lang='lat' dir='ltr'><strong>Seneca</strong></span> <span class='ocrx_word' id='word_1_181' title='bbox 327 2831 423 2895; x_wconf 88' lang='lat' dir='ltr'><strong>etiarn</strong></span> <span class='ocrx_word' id='word_1_182' title='bbox 456 2834 625 2910; x_wconf 87' lang='lat' dir='ltr'><strong>praecepto</strong></span> <span class='ocrx_word' id='word_1_183' title='bbox 654 2827 753 2910; x_wconf 88' lang='lat' dir='ltr'><strong>quod.</strong></span> <span class='ocrx_word' id='word_1_184' title='bbox 770 2828 826 2894; x_wconf 89' lang='lat' dir='ltr'><strong>dat</strong></span> <span class='ocrx_word' id='word_1_185' title='bbox 853 2830 892 2894; x_wconf 89' lang='lat' dir='ltr'><strong>de</strong></span> <span class='ocrx_word' id='word_1_186' title='bbox 921 2826 1022 2894; x_wconf 84' lang='lat' dir='ltr'><strong>officio</strong></span> <span class='ocrx_word' id='word_1_187' title='bbox 1045 2829 1220 2910; x_wconf 82' lang='lat' dir='ltr'><strong>regentium</strong></span> <span class='ocrx_word' id='word_1_188' title='bbox 1238 2832 1271 2894; x_wconf 89' lang='lat' dir='ltr'><strong>et</strong></span> 
     </span>
     <span class='ocr_line' id='line_1_24' title="bbox 178 2935 1271 3019; baseline -0.001 -16"><span class='ocrx_word' id='word_1_189' title='bbox 178 2937 384 3004; x_wconf 84' lang='lat' dir='ltr'><strong>iudicantium</strong></span> <span class='ocrx_word' id='word_1_190' title='bbox 405 2935 446 3001; x_wconf 91' lang='lat' dir='ltr'><strong>di.</strong></span> <span class='ocrx_word' id='word_1_191' title='bbox 465 2937 513 3001; x_wconf 93' lang='lat' dir='ltr'><strong>III</strong></span> <span class='ocrx_word' id='word_1_192' title='bbox 536 2938 565 3019; x_wconf 82' lang='lat'><strong>6,</strong></span> <span class='ocrx_word' id='word_1_193' title='bbox 587 2938 607 3000; x_wconf 88' lang='grc'><strong>3</strong></span> <span class='ocrx_word' id='word_1_194' title='bbox 628 2946 672 3002; x_wconf 85' lang='lat' dir='ltr'><strong>ita</strong></span> <span class='ocrx_word' id='word_1_195' title='bbox 699 2943 795 3018; x_wconf 77' lang='lat' dir='ltr'><strong>tepora</strong></span> <span class='ocrx_word' id='word_1_196' title='bbox 822 2943 989 3015; x_wconf 79' lang='lat' dir='ltr'><strong>praesidem</strong></span> <span class='ocrx_word' id='word_1_197' title='bbox 1007 2942 1189 3017; x_wconf 70' lang='lat' dir='ltr'><strong>ciuitatesque</strong></span> <span class='ocrx_word' id='word_1_198' title='bbox 1209 2958 1271 3003; x_wconf 86' lang='lat' dir='ltr'><strong>raa·</strong></span> 
     </span>
     <span class='ocr_line' id='line_1_25' title="bbox 176 3049 1271 3128; baseline -0.001 -16"><span class='ocrx_word' id='word_1_199' title='bbox 176 3057 268 3112; x_wconf 85' lang='lat' dir='ltr'><strong>torem</strong></span> <span class='ocrx_word' id='word_1_200' title='bbox 299 3053 379 3112; x_wconf 86' lang='lat' dir='ltr'><strong>deaei</strong></span> <span class='ocrx_word' id='word_1_201' title='bbox 404 3081 439 3092; x_wconf 92' lang='lat'>—</span> <span class='ocrx_word' id='word_1_202' title='bbox 464 3053 582 3128; x_wconf 76' lang='lat' dir='ltr'><strong>tapecia</strong></span> <span class='ocrx_word' id='word_1_203' title='bbox 606 3068 734 3122; x_wconf 88' lang='lat' dir='ltr'><strong>carare‚-</strong></span> <span class='ocrx_word' id='word_1_204' title='bbox 758 3054 792 3109; x_wconf 87' lang='lat' dir='ltr'><strong>at</strong></span> <span class='ocrx_word' id='word_1_205' title='bbox 820 3049 959 3121; x_wconf 77' lang='lat' dir='ltr'><strong>facienda</strong></span> <span class='ocrx_word' id='word_1_206' title='bbox 983 3051 1108 3109; x_wconf 66' lang='lat' dir='ltr'><strong>madeat</strong></span> <span class='ocrx_word' id='word_1_207' title='bbox 1128 3051 1271 3124; x_wconf 77' lang='lat' dir='ltr'><strong>rapidita-</strong></span> 
     </span>
     <span class='ocr_line' id='line_1_26' title="bbox 177 3146 1270 3236; baseline 0 -16"><span class='ocrx_word' id='word_1_208' title='bbox 177 3167 303 3236; x_wconf 73' lang='lat' dir='ltr'><strong>imque</strong></span> <span class='ocrx_word' id='word_1_209' title='bbox 331 3162 445 3221; x_wconf 74' lang='lat' dir='ltr'><strong>tanati</strong></span> <span class='ocrx_word' id='word_1_210' title='bbox 473 3164 500 3219; x_wconf 90' lang='lat' dir='ltr'><strong>et</strong></span> <span class='ocrx_word' id='word_1_211' title='bbox 530 3161 617 3234; x_wconf 79' lang='lat' dir='ltr'><strong>aequi</strong></span> <span class='ocrx_word' id='word_1_212' title='bbox 648 3160 779 3219; x_wconf 77' lang='lat' dir='ltr'><strong>conciliet</strong></span> <span class='ocrx_word' id='word_1_213' title='bbox 807 3160 915 3219; x_wconf 66' lang='lat' dir='ltr'><strong>araas</strong></span> <span class='ocrx_word' id='word_1_214' title='bbox 942 3157 1105 3233; x_wconf 76' lang='lat' dir='ltr'><strong>faciatque</strong></span> <span class='ocrx_word' id='word_1_215' title='bbox 1134 3146 1270 3220; x_wconf 68' lang='lat' dir='ltr'><strong>aarum</strong></span> 
     </span>
     <span class='ocr_line' id='line_1_27' title="bbox 176 3261 1269 3343; baseline -0.001 -13"><span class='ocrx_word' id='word_1_216' title='bbox 176 3271 284 3341; x_wconf 79' lang='lat' dir='ltr'><strong>otiam,</strong></span> <span class='ocrx_word' id='word_1_217' title='bbox 305 3272 435 3343; x_wconf 72' lang='lat' dir='ltr'><strong>praalun</strong></span> <span class='ocrx_word' id='word_1_218' title='bbox 455 3268 604 3328; x_wconf 79' lang='lat' dir='ltr'><strong>uirtutum.</strong></span> <span class='ocrx_word' id='word_1_219' title='bbox 649 3265 693 3328; x_wconf 88' lang='lat' dir='ltr'><strong>At</strong></span> <span class='ocrx_word' id='word_1_220' title='bbox 714 3261 905 3328; x_wconf 87' lang='lat' dir='ltr'><strong>deminuitnr</strong></span> <span class='ocrx_word' id='word_1_221' title='bbox 921 3263 1084 3342; x_wconf 78' lang='lat' dir='ltr'><strong>elegantia</strong></span> <span class='ocrx_word' id='word_1_222' title='bbox 1106 3263 1269 3342; x_wconf 89' lang='lat' dir='ltr'><strong>sermonis,</strong></span> 
     </span>
     <span class='ocr_line' id='line_1_28' title="bbox 178 3370 1273 3456; baseline -0.001 -16"><span class='ocrx_word' id='word_1_223' title='bbox 178 3373 204 3440; x_wconf 90' lang='lat' dir='ltr'><strong>si</strong></span> <span class='ocrx_word' id='word_1_224' title='bbox 224 3373 405 3456; x_wconf 88' lang='lat' dir='ltr'><strong>duplicatur</strong></span> <span class='ocrx_word' id='word_1_225' title='bbox 426 3371 581 3452; x_wconf 85' lang='lat' dir='ltr'><strong>particula</strong></span> <span class='ocrx_word' id='word_1_226' title='bbox 602 3370 655 3436; x_wconf 90' lang='lat' dir='ltr'><strong>ubi</strong></span> <span class='ocrx_word' id='word_1_227' title='bbox 677 3371 733 3437; x_wconf 83' lang='lat' dir='ltr'><strong>illa</strong></span> <span class='ocrx_word' id='word_1_228' title='bbox 754 3370 836 3436; x_wconf 84' lang='lat' dir='ltr'><strong>ratio</strong></span> <span class='ocrx_word' id='word_1_229' title='bbox 858 3388 922 3436; x_wconf 90' lang='lat' dir='ltr'><strong>non</strong></span> <span class='ocrx_word' id='word_1_230' title='bbox 943 3371 1088 3452; x_wconf 81' lang='lat' dir='ltr'><strong>adparet,</strong></span> <span class='ocrx_word' id='word_1_231' title='bbox 1106 3371 1202 3450; x_wconf 88' lang='lat' dir='ltr'><strong>quale</strong></span> <span class='ocrx_word' id='word_1_232' title='bbox 1222 3377 1273 3439; x_wconf 88' lang='lat' dir='ltr'><strong>ost</strong></span> 
     </span>
     <span class='ocr_line' id='line_1_29' title="bbox 178 3480 1271 3564; baseline 0 -19"><span class='ocrx_word' id='word_1_233' title='bbox 178 3481 261 3564; x_wconf 85' lang='lat' dir='ltr'><strong>quod</strong></span> <span class='ocrx_word' id='word_1_234' title='bbox 291 3480 410 3562; x_wconf 83' lang='lat' dir='ltr'><strong>legitur</strong></span> <span class='ocrx_word' id='word_1_235' title='bbox 433 3499 463 3546; x_wconf 90' lang='lat' dir='ltr'><strong>n.</strong></span> <span class='ocrx_word' id='word_1_236' title='bbox 485 3497 516 3560; x_wconf 92' lang='lat' dir='ltr'><strong>q.</strong></span> <span class='ocrx_word' id='word_1_237' title='bbox 539 3480 584 3545; x_wconf 93' lang='lat' dir='ltr'><strong>VI</strong></span> <span class='ocrx_word' id='word_1_238' title='bbox 606 3480 632 3556; x_wconf 89' lang='lat'><strong>1,</strong></span> <span class='ocrx_word' id='word_1_239' title='bbox 659 3480 699 3544; x_wconf 88' lang='lat'><strong>10</strong></span> <span class='ocrx_word' id='word_1_240' title='bbox 727 3486 799 3544; x_wconf 77' lang='lat' dir='ltr'><strong>istos</strong></span> <span class='ocrx_word' id='word_1_241' title='bbox 830 3485 881 3559; x_wconf 76' lang='lat' dir='ltr'><strong>aut</strong></span> <span class='ocrx_word' id='word_1_242' title='bbox 910 3483 1091 3557; x_wconf 56' lang='lat' dir='ltr'><strong>&amp;eramiae</strong></span> <span class='ocrx_word' id='word_1_243' title='bbox 1120 3487 1271 3545; x_wconf 79' lang='lat' dir='ltr'><strong>renuatia-</strong></span> 
     </span>
     <span class='ocr_line' id='line_1_30' title="bbox 180 3574 1269 3671; baseline -0.001 -16"><span class='ocrx_word' id='word_1_244' title='bbox 180 3599 284 3656; x_wconf 84' lang='lat' dir='ltr'><strong>aeraat</strong></span> <span class='ocrx_word' id='word_1_245' title='bbox 304 3574 422 3671; x_wconf 65' lang='lat' dir='ltr'><strong>aanor</strong></span> <span class='ocrx_word' id='word_1_246' title='bbox 442 3622 480 3636; x_wconf 87' lang='lat'><strong>··-</strong></span> <span class='ocrx_word' id='word_1_247' title='bbox 498 3596 713 3670; x_wconf 75' lang='lat' dir='ltr'><strong>eaiaraoeraat</strong></span> <span class='ocrx_word' id='word_1_248' title='bbox 733 3584 912 3668; x_wconf 77' lang='lat' dir='ltr'><strong>aapaat&#39;aaa</strong></span> <span class='ocrx_word' id='word_1_249' title='bbox 939 3622 973 3634; x_wconf 95' lang='lat'>-</span> <span class='ocrx_word' id='word_1_250' title='bbox 993 3594 1075 3666; x_wconf 76' lang='lat' dir='ltr'><strong>ipsos</strong></span> <span class='ocrx_word' id='word_1_251' title='bbox 1095 3610 1269 3668; x_wconf 63' lang='lat' dir='ltr'><strong>massanos,</strong></span> 
     </span>
     <span class='ocr_line' id='line_1_31' title="bbox 177 3696 1270 3778; baseline 0 -15"><span class='ocrx_word' id='word_1_252' title='bbox 177 3698 231 3763; x_wconf 91' lang='lat' dir='ltr'><strong>ubi</strong></span> <span class='ocrx_word' id='word_1_253' title='bbox 263 3708 425 3778; x_wconf 73' lang='lat' dir='ltr'><strong>mactatque</strong></span> <span class='ocrx_word' id='word_1_254' title='bbox 450 3698 532 3763; x_wconf 90' lang='lat' dir='ltr'><strong>iusto</strong></span> <span class='ocrx_word' id='word_1_255' title='bbox 563 3697 779 3778; x_wconf 79' lang='lat' dir='ltr'><strong>neglegentius</strong></span> <span class='ocrx_word' id='word_1_256' title='bbox 808 3696 926 3761; x_wconf 86' lang='lat' dir='ltr'><strong>dictum</strong></span> <span class='ocrx_word' id='word_1_257' title='bbox 953 3701 1045 3777; x_wconf 88' lang='lat' dir='ltr'><strong>putes</strong></span> <span class='ocrx_word' id='word_1_258' title='bbox 1070 3713 1128 3776; x_wconf 89' lang='lat' dir='ltr'><strong>pro</strong></span> <span class='ocrx_word' id='word_1_259' title='bbox 1154 3705 1183 3762; x_wconf 90' lang='lat' dir='ltr'><strong>et</strong></span> <span class='ocrx_word' id='word_1_260' title='bbox 1202 3703 1270 3763; x_wconf 79' lang='lat' dir='ltr'><strong>ittae</strong></span> 
     </span>
     <span class='ocr_line' id='line_1_32' title="bbox 175 3804 1270 3892; baseline -0.001 -19"><span class='ocrx_word' id='word_1_261' title='bbox 175 3814 226 3886; x_wconf 82' lang='lat' dir='ltr'><strong>aui</strong></span> <span class='ocrx_word' id='word_1_262' title='bbox 246 3816 362 3888; x_wconf 75' lang='lat' dir='ltr'><strong>manat.</strong></span> <span class='ocrx_word' id='word_1_263' title='bbox 401 3804 461 3871; x_wconf 81' lang='lat' dir='ltr'><strong>Sed</strong></span> <span class='ocrx_word' id='word_1_264' title='bbox 484 3804 649 3872; x_wconf 89' lang='lat' dir='ltr'><strong>rarissima</strong></span> <span class='ocrx_word' id='word_1_265' title='bbox 670 3811 744 3871; x_wconf 88' lang='lat' dir='ltr'><strong>sunt</strong></span> <span class='ocrx_word' id='word_1_266' title='bbox 761 3805 854 3871; x_wconf 88' lang='lat' dir='ltr'><strong>huius</strong></span> <span class='ocrx_word' id='word_1_267' title='bbox 872 3804 995 3892; x_wconf 79' lang='lat' dir='ltr'><strong>generis</strong></span> <span class='ocrx_word' id='word_1_268' title='bbox 1010 3805 1154 3887; x_wconf 86' lang='lat' dir='ltr'><strong>exempla</strong></span> <span class='ocrx_word' id='word_1_269' title='bbox 1168 3822 1270 3887; x_wconf 89' lang='lat' dir='ltr'><strong>neque</strong></span> 
     </span>
     <span class='ocr_line' id='line_1_33' title="bbox 176 3912 1270 3997; baseline -0.003 -16"><span class='ocrx_word' id='word_1_270' title='bbox 176 3936 261 3981; x_wconf 82' lang='lat' dir='ltr'><strong>coac</strong></span> <span class='ocrx_word' id='word_1_271' title='bbox 284 3914 357 3996; x_wconf 90' lang='lat' dir='ltr'><strong>plus</strong></span> <span class='ocrx_word' id='word_1_272' title='bbox 383 3915 480 3982; x_wconf 88' lang='lat' dir='ltr'><strong>semel</strong></span> <span class='ocrx_word' id='word_1_273' title='bbox 506 3932 556 3978; x_wconf 88' lang='lat' dir='ltr'><strong>ma</strong></span> <span class='ocrx_word' id='word_1_274' title='bbox 584 3914 697 3997; x_wconf 82' lang='lat' dir='ltr'><strong>legisse</strong></span> <span class='ocrx_word' id='word_1_275' title='bbox 725 3914 866 3995; x_wconf 86' lang='lat' dir='ltr'><strong>memini3</strong></span> <span class='ocrx_word' id='word_1_276' title='bbox 899 3919 949 3979; x_wconf 89' lang='lat' dir='ltr'><strong>ost</strong></span> <span class='ocrx_word' id='word_1_277' title='bbox 969 3913 1016 3978; x_wconf 89' lang='lat' dir='ltr'><strong>ita</strong></span> <span class='ocrx_word' id='word_1_278' title='bbox 1036 3932 1065 3978; x_wconf 89' lang='lat'><strong>11.</strong></span> <span class='ocrx_word' id='word_1_279' title='bbox 1085 3928 1118 3993; x_wconf 84' lang='lat' dir='ltr'><strong>q.</strong></span> <span class='ocrx_word' id='word_1_280' title='bbox 1140 3912 1157 3977; x_wconf 96' lang='grc' dir='ltr'>Ι</span> <span class='ocrx_word' id='word_1_281' title='bbox 1177 3913 1207 3996; x_wconf 87' lang='grc'><strong>5,</strong></span> <span class='ocrx_word' id='word_1_282' title='bbox 1231 3913 1270 3978; x_wconf 81' lang='lat'><strong>12</strong></span> 
     </span>
     <span class='ocr_line' id='line_1_34' title="bbox 176 4014 1128 4104; baseline -0.002 -16"><span class='ocrx_word' id='word_1_283' title='bbox 176 4029 253 4090; x_wconf 81' lang='lat' dir='ltr'><strong>dara</strong></span> <span class='ocrx_word' id='word_1_284' title='bbox 275 4031 392 4104; x_wconf 66' lang='lat' dir='ltr'><strong>aarum</strong></span> <span class='ocrx_word' id='word_1_285' title='bbox 414 4047 449 4091; x_wconf 86' lang='lat' dir='ltr'><strong>aa</strong></span> <span class='ocrx_word' id='word_1_286' title='bbox 469 4031 569 4090; x_wconf 76' lang='lat' dir='ltr'><strong>stabili</strong></span> <span class='ocrx_word' id='word_1_287' title='bbox 589 4031 781 4089; x_wconf 80' lang='lat' dir='ltr'><strong>comoranti.</strong></span> <span class='ocrx_word' id='word_1_288' title='bbox 1125 4014 1128 4019; x_wconf 71' lang='grc'><strong><em>’</em></strong></span> 
     </span>
    </p>

    <p class='ocr_par' dir='ltr' id='par_1_5' title="bbox 176 4131 1271 4326">
     <span class='ocr_line' id='line_1_35' title="bbox 281 4131 1271 4213; baseline -0.002 -17"><span class='ocrx_word' id='word_1_289' title='bbox 281 4132 445 4202; x_wconf 85' lang='lat' dir='ltr'><strong>Diversum</strong></span> <span class='ocrx_word' id='word_1_290' title='bbox 476 4136 584 4200; x_wconf 89' lang='lat' dir='ltr'><strong>autem</strong></span> <span class='ocrx_word' id='word_1_291' title='bbox 602 4133 800 4198; x_wconf 85' lang='lat' dir='ltr'><strong>diuersarum</strong></span> <span class='ocrx_word' id='word_1_292' title='bbox 821 4131 933 4197; x_wconf 89' lang='lat' dir='ltr'><strong>harum</strong></span> <span class='ocrx_word' id='word_1_293' title='bbox 954 4131 1184 4213; x_wconf 70' lang='lat' dir='ltr'><strong>parricidarum</strong></span> <span class='ocrx_word' id='word_1_294' title='bbox 1206 4131 1271 4195; x_wconf 83' lang='lat' dir='ltr'><strong>rim</strong></span> 
     </span>
     <span class='ocr_line' id='line_1_36' title="bbox 176 4237 1267 4326; baseline -0.003 -19"><span class='ocrx_word' id='word_1_295' title='bbox 176 4245 319 4324; x_wconf 88' lang='lat' dir='ltr'><strong>tempore</strong></span> <span class='ocrx_word' id='word_1_296' title='bbox 345 4242 566 4325; x_wconf 80' lang='lat' dir='ltr'><strong>progrediente</strong></span> <span class='ocrx_word' id='word_1_297' title='bbox 592 4242 693 4326; x_wconf 80' lang='lat' dir='ltr'><strong>magis</strong></span> <span class='ocrx_word' id='word_1_298' title='bbox 716 4260 757 4307; x_wconf 83' lang='lat' dir='ltr'><strong>ac·</strong></span> <span class='ocrx_word' id='word_1_299' title='bbox 773 4241 878 4324; x_wconf 83' lang='lat' dir='ltr'><strong>magis</strong></span> <span class='ocrx_word' id='word_1_300' title='bbox 899 4241 1063 4307; x_wconf 83' lang='lat' dir='ltr'><strong>evanuisse</strong></span> <span class='ocrx_word' id='word_1_301' title='bbox 1084 4256 1123 4306; x_wconf 86' lang='lat' dir='ltr'><strong>ea</strong></span> <span class='ocrx_word' id='word_1_302' title='bbox 1144 4252 1195 4305; x_wconf 88' lang='lat' dir='ltr'><strong>res</strong></span> <span class='ocrx_word' id='word_1_303' title='bbox 1217 4237 1267 4304; x_wconf 83' lang='lat' dir='ltr'><strong>rel</strong></span> 
     </span>
    </p>
   </div>
   <div class='ocr_carea' id='block_1_5' title="bbox 0 0 1378 4724">
    <p class='ocr_par' dir='ltr' id='par_1_6' title="bbox 0 0 1378 4724">
     <span class='ocr_line' id='line_1_37' title="bbox 0 0 1378 4724; baseline 0 0"><span class='ocrx_word' id='word_1_304' title='bbox 0 0 1378 4724; x_wconf 95' lang='lat' dir='ltr'><strong> </strong></span> 
     </span>
    </p>
   </div>
  </div>
 </body>
</html>
