2746 4724
106 193 158 249 ,0
657 231 698 296 56

135 439 285 516 c'aapolaa
306 443 340 499 al
358 439 461 498 lecolo
481 439 515 497 ic
535 438 629 499 locam
654 442 823 513 repoaotcr.
865 433 902 499 In
922 433 1017 500 inane
1039 431 1236 499 hicabibuut

134 542 240 627 verba,
269 542 296 608 si
317 542 363 607 ita
384 547 421 608 ot
442 541 527 608 dicta
548 546 622 607 sunt
643 542 776 623 accipis3
809 543 894 608 valet
917 565 972 622 pcc
991 542 1080 620 idem'¹
1092 541 1176 622 quod
1200 564 1235 607 oc

134 653 185 720 vel
206 653 322 719 rectius
342 675 441 733 cepae.
475 650 596 717 Similia
617 670 712 734 porro
734 651 813 718 haec
825 657 912 718 sunt:
933 659 1076 732 quamdo
1094 675 1163 733 erpo
1175 657 1236 732 sip·

134 767 253 840 otdcoat
274 761 435 844 (fulmina)
455 768 514 827 cisi
534 768 599 828 idco
621 768 799 827 mitantur?
818 768 959 841 pammac
978 784 1046 828 coco
1059 785 1116 827 coo
1136 768 1169 827 o'a
1182 767 1235 826 hoc

136 882 239 949 moloc,
262 882 294 938 nl
314 879 398 937 cotis
419 880 613 950 occurrerent,
638 877 772 937 dextram
790 878 955 951 auspicium
966 879 1173 950 anatemque
1192 875 1235 947 fe·

135 991 246 1046 corant.
267 1000 298 1047 u.
320 999 351 1062 q.
374 979 404 1045 ΙΙ
427 982 477 1065 32,
504 981 533 1044 3.
577 979 665 1046 Haec
696 980 823 1061 quidem
852 980 965 1048 codicis
995 979 1024 1044 E
1057 977 1148 1046 lectio
1174 979 1234 1060 est,

133 1107 230 1170 qnam
253 1092 322 1157 iure
342 1091 514 1156 intextum
536 1089 657 1170 recepit
669 1089 808 1157 Haasius
829 1089 977 1156 Fickerto
993 1107 1064 1154 cum
1078 1087 1235 1154 deteriore

135 1200 162 1264 B
182 1207 370 1265 maistrmaoc
394 1198 560 1266 scribente.
593 1198 737 1280 Itemque
758 1220 849 1279 aequo
863 1205 939 1264 caim
959 1203 1100 1264 illcsolus
1117 1203 1235 1276 mutilat,

136 1316 188 1390 qai
207 1315 241 1374 ia
263 1316 325 1374 octe
346 1317 405 1374 slot
432 1317 460 1374 cl
484 1331 575 1374 coroa
595 1315 731 1373 dcclrocm
756 1314 924 1388 mammae
948 1313 1089 1386 defendit,
1110 1313 1162 1372 scd
1183 1296 1264 1387 μί’

131 1427 236 1499 portas
257 1427 354 1484 caelas
376 1418 416 1483 di.
437 1417 483 1482 lX
504 1419 533 1498 3,
549 1418 578 1484 5.
633 1415 704 1483 Non
719 1418 836 1501 optimo
852 1417 919 1482 iure
936 1415 1071 1483 fortasse
1090 1415 1163 1482 huic
1177 1434 1236 1483 uu·

136 1545 224 1594 mero
244 1528 402 1594 inseretur
425 1535 457 1592 ia
477 1549 545 1593 acre
564 1550 675 1608 paoqac
695 1550 755 1592 coo
776 1534 910 1593 dostram
939 1532 1107 1606 uenasque
1125 1531 1235 1604 meme

134 1646 251 1717 portem
271 1635 443 1719 (cometes).
466 1642 551 1702 oolla
573 1645 615 1701 esi
635 1640 776 1700 scamilli
801 1641 860 1716 otc,
881 1642 933 1700 scol
959 1658 1019 1714 quc
1038 1657 1111 1699 coco
1127 1639 1236 1713 pabala

136 1753 184 1812 soc·
205 1752 299 1823 dacin
322 1752 378 1811 illc
399 1752 478 1826 repit
498 1763 528 1811 n.
550 1763 580 1828 q.
603 1744 664 1809 Vll
690 1744 741 1823 21,
764 1746 793 1810 2.
836 1742 891 1810 dt
911 1762 941 1809 n.
964 1761 994 1823 q.
1017 1744 1049 1808 ΙΙ
1070 1744 1120 1822 59,
1144 1744 1163 1807 6
1185 1761 1234 1808 re·

68 1928 73 1935 ,
136 1853 269 1937 pudiata
299 1853 465 1921 codicisE
497 1855 655 1936 scriptura
686 1859 784 1919 ecdem
809 1852 863 1934 (ad
885 1850 1033 1931 mortem)
1066 1859 1153 1919 allus
1173 1863 1236 1919 tar·

120 1970 451 2043 1dc'csqccoemeadam
472 1973 515 2031 ost
536 1968 570 2029 et
591 1963 759 2030 Fickertus
781 1965 814 2029 et
835 1961 971 2029 Haasius
997 1962 1149 2044 scripsere
1172 1972 1236 2030 tar·

138 2079 247 2152 dc'asca
277 2074 362 2153 quod
394 2092 433 2139 ne
466 2073 579 2140 codicis
611 2071 784 2155 Bquidem
816 2070 878 2138 fide
908 2069 1169 2157 scandescitur,
1198 2076 1236 2137 ut

138 2180 218 2246 nihil
239 2180 412 2249 dubitetur.
454 2181 537 2248 Eum
564 2182 647 2248 enim
674 2181 813 2248 codicem
834 2182 889 2263 qui
911 2181 1054 2247 exaravit
1078 2180 1238 2265 librarius,

139 2298 226 2357 acics
245 2297 291 2356 ccl
321 2298 437 2358 cordiae
458 2297 533 2358 ante
562 2291 670 2358 oculos
698 2291 848 2358 habuisse
877 2290 949 2358 inde
977 2290 1128 2373 suspicari
1150 2291 1236 2373 licet,

140 2399 224 2481 quod
250 2419 364 2468 manus
397 2401 524 2467 demum
552 2401 722 2468 correctrix
754 2401 944 2482 scripturam
974 2409 1092 2468 ciclomc
1121 2407 1240 2468 ardiae

140 2510 277 2576 mutavit
299 2510 332 2575 in
357 2517 443 2576 allas
470 2517 627 2578 cardiacae.
671 2509 734 2577 Sed
763 2516 799 2577 ut
826 2511 927 2575 maior
953 2510 1053 2576 honor
1083 2510 1241 2577 habeatur

141 2618 240 2684 codici
262 2619 298 2698 E,
321 2619 473 2700 respicias
502 2637 573 2686 eam
601 2637 683 2701 quae
708 2620 803 2701 paulo
826 2624 900 2685 ante
921 2618 953 2685 in
975 2619 994 2702 ἕ
1013 2621 1034 2685 4
1053 2619 1146 2686 simili
1166 2619 1240 2689 brc-

139 2728 241 2792 vitate
263 2726 348 2795 dicta
369 2733 419 2796 est
441 2729 632 2796 seutentiam
659 2730 749 2794 hocs
770 2735 818 2795 dis
834 2735 1032 2809 propinasque
1055 2735 1239 2796 mammeam

141 2846 192 2915 est,
216 2855 297 2918 quae
317 2844 466 2906 accurate
487 2839 630 2921 loquenti
658 2839 703 2904 ita
724 2837 790 2905 iere
806 2839 1044 2923 pronuntianda
1065 2843 1150 2904 erat:
1173 2840 1240 2906 sive

140 2945 213 3010 irati
235 2950 310 3011 sunt
331 2945 363 3011 di
384 2947 450 3013 sive
471 2948 610 3033 propitii,
643 2947 839 3014 moriendum
867 2951 917 3014 est
944 2947 1064 3028 utique.
1118 2947 1240 3014 Iterum

143 3057 250 3120 antem
272 3056 470 3123 consentiunt
492 3058 575 3124 iuter
593 3077 628 3124 se
649 3055 678 3122 ll
699 3060 732 3122 et
753 3057 778 3121 B
802 3076 833 3122 n.
855 3049 894 3139 qs
907 3057 954 3122 111
975 3075 1023 3138 pr.
1047 3059 1067 3122 3
1088 3063 1141 3124 hoc
1163 3064 1240 3124 dice·

141 3185 212 3240 rem,
243 3171 270 3228 st
298 3187 376 3244 paco
405 3173 574 3246 iuuenisque
605 3172 726 3232 molirer
753 3183 810 3232 nco
840 3164 945 3231 minus
973 3184 1004 3230 n.
1033 3183 1063 3246 q.
1094 3165 1111 3230 Ι
1148 3166 1239 3246 11,2

141 3277 274 3337 hostoricc'
291 3279 366 3338 solas
382 3284 486 3340 cocant
508 3283 536 3340 ct
557 3281 640 3340 binos
650 3284 804 3355 ternosque
818 3280 994 3353 caparosso
1010 3282 1167 3341 menalce
1178 3284 1241 3341 trc-

142 3384 224 3444 dcct.
279 3380 397 3447 Tamen
422 3383 483 3449 erit
512 3381 659 3460 fortasse,
695 3382 749 3464 qui
780 3399 901 3448 memor
929 3381 1008 3464 legis
1035 3381 1241 3450 Bentleianae

143 3491 325 3571 propositae
346 3490 387 3556 ad
406 3489 483 3556 Hor.
506 3491 594 3575 epod.
615 3492 643 3556 V
666 3493 717 3573 33,
738 3509 802 3571 qua
824 3509 882 3572 per
904 3497 949 3557 tls
971 3500 1070 3572 terque
1094 3489 1240 3573 frequen·

144 3597 232 3678 tiam,
254 3617 311 3680 per
333 3607 377 3666 os
399 3609 475 3668 cerco
496 3600 663 3670 raritatem
687 3601 819 3666 indicari
841 3601 1000 3680 docemur,
1023 3599 1082 3666 hoc
1103 3599 1241 3667 Senecae

143 3706 212 3772 loco
245 3715 326 3774 bicos
357 3718 489 3776 ternosve
519 3714 556 3775 ut
578 3708 735 3776 scribatur
755 3715 922 3792 proponat.
974 3709 1040 3776 Nos
1063 3726 1147 3793 vero,
1169 3726 1241 3774 cum

143 3819 275 3898 propter
297 3818 512 3900 exemplorum
541 3818 677 3901 inopiam
707 3816 784 3883 nihil
806 3817 977 3884 diiudicari
998 3817 1099 3898 possit
1120 3817 1159 3884 de
1181 3835 1242 3884 usu

145 3928 328 4005 Annaeano‚
349 3927 453 3991 locum
474 3927 676 3994 immutatum
697 3927 919 4008 relinquemus.
968 3927 1015 3993 Re
1036 3945 1111 3992 vera
1131 3929 1241 3993 autem

143 4035 283 4119 quadrat
314 4034 347 4101 in
370 4035 447 4101 iilud
478 4039 682 4119 praeceptum
710 4055 759 4119 ep.
782 4038 831 4116 86,
863 4037 902 4101 13
924 4059 1033 4116 porum
1056 4045 1104 4108 ‚cst
1128 4058 1242 4101 conca

145 4155 323 4225 cccccccccc
347 4153 407 4211 aisa·
429 4151 474 4211 his
495 4152 543 4212 dic
570 4154 669 4225 copae
694 4155 862 4222 semanim,
887 4168 924 4211 ac
949 4152 1099 4211 cooaaecot
1120 4151 1153 4209 io
1176 4166 1241 4211 cor·

140 4277 215 4335 porc
240 4261 273 4321 ct
295 4254 336 4321 di.
359 4253 406 4320 ΠΙ
428 4255 477 4336 17,
500 4255 521 4320 6
544 4263 613 4334 post
634 4261 758 4321 duorum
781 4261 904 4321 iriucnoc
922 4259 1094 4338 scopatam
1110 4258 1240 4321 occidere
