<?xml version="1.0" encoding="UTF-8"?>
<!DOCTYPE html PUBLIC "-//W3C//DTD XHTML 1.0 Transitional//EN"
    "http://www.w3.org/TR/xhtml1/DTD/xhtml1-transitional.dtd">
<html xmlns="http://www.w3.org/1999/xhtml" xml:lang="en" lang="en">
 <head>
  <title>
</title>
<meta http-equiv="Content-Type" content="text/html;charset=utf-8" />
  <meta name='ocr-system' content='tesseract 3.04.00' />
  <meta name='ocr-capabilities' content='ocr_page ocr_carea ocr_par ocr_line ocrx_word'/>
</head>
<body>
  <div class='ocr_page' id='page_1' title='image "./animadversiones00klamgoog_0018.png"; bbox 0 0 2746 4724; ppageno 0'>
   <div class='ocr_carea' id='block_1_1' title="bbox 686 267 708 332">
    <p class='ocr_par' dir='ltr' id='par_1_1' title="bbox 686 267 708 332">
     <span class='ocr_line' id='line_1_1' title="bbox 686 267 708 332; baseline 0 0"><span class='ocrx_word' id='word_1_1' title='bbox 686 267 708 332; x_wconf 90' lang='grc'>9</span> 
     </span>
    </p>
   </div>
   <div class='ocr_carea' id='block_1_2' title="bbox 120 467 1305 2952">
    <p class='ocr_par' dir='ltr' id='par_1_2' title="bbox 152 467 1194 650">
     <span class='ocr_line' id='line_1_2' title="bbox 152 467 679 535; baseline -0.002 0"><span class='ocrx_word' id='word_1_2' title='bbox 152 468 267 535; x_wconf 88' lang='lat' dir='ltr'>omisso</span> <span class='ocrx_word' id='word_1_3' title='bbox 287 467 422 535; x_wconf 41' lang='lat' dir='ltr'>obiecto*</span> <span class='ocrx_word' id='word_1_4' title='bbox 676 496 679 502; x_wconf 94' lang='lat'>·</span> 
     </span>
     <span class='ocr_line' id='line_1_3' title="bbox 223 578 1194 650; baseline -0.003 -17"><span class='ocrx_word' id='word_1_5' title='bbox 223 594 242 633; x_wconf 84' lang='lat' dir='ltr'>a</span> <span class='ocrx_word' id='word_1_6' title='bbox 260 593 314 648; x_wconf 71' lang='lat' dir='ltr'>prta</span> <span class='ocrx_word' id='word_1_7' title='bbox 332 579 473 635; x_wconf 63' lang='lat' dir='ltr'>abarum</span> <span class='ocrx_word' id='word_1_8' title='bbox 490 579 653 650; x_wconf 65' lang='lat' dir='ltr'>rapiendam</span> <span class='ocrx_word' id='word_1_9' title='bbox 670 579 844 649; x_wconf 69' lang='lat' dir='ltr'>timendorum.</span> <span class='ocrx_word' id='word_1_10' title='bbox 862 584 902 637; x_wconf 81' lang='lat' dir='ltr'>cst</span> <span class='ocrx_word' id='word_1_11' title='bbox 920 596 963 648; x_wconf 91' lang='lat' dir='ltr'>ep.</span> <span class='ocrx_word' id='word_1_12' title='bbox 984 578 1029 644; x_wconf 83' lang='grc'>98,</span> <span class='ocrx_word' id='word_1_13' title='bbox 1049 579 1090 632; x_wconf 81' lang='lat'>14.</span> <span class='ocrx_word' id='word_1_14' title='bbox 1192 645 1194 649; x_wconf 8' lang='grc' dir='ltr'>η</span> 
     </span>
    </p>

    <p class='ocr_par' dir='ltr' id='par_1_3' title="bbox 125 676 1247 1080">
     <span class='ocr_line' id='line_1_4' title="bbox 159 676 1247 777; baseline -0.002 -19"><span class='ocrx_word' id='word_1_15' title='bbox 159 676 162 683; x_wconf 14' lang='grc' dir='ltr'><em>Ι</em></span> <span class='ocrx_word' id='word_1_16' title='bbox 249 692 370 760; x_wconf 82' lang='lat' dir='ltr'>Eodem</span> <span class='ocrx_word' id='word_1_17' title='bbox 402 693 496 760; x_wconf 89' lang='lat' dir='ltr'>modo</span> <span class='ocrx_word' id='word_1_18' title='bbox 523 710 584 775; x_wconf 89' lang='lat' dir='ltr'>quo</span> <span class='ocrx_word' id='word_1_19' title='bbox 606 699 713 760; x_wconf 88' lang='lat' dir='ltr'>cetera</span> <span class='ocrx_word' id='word_1_20' title='bbox 738 693 893 760; x_wconf 87' lang='lat' dir='ltr'>adiectiva</span> <span class='ocrx_word' id='word_1_21' title='bbox 912 692 992 758; x_wconf 89' lang='lat' dir='ltr'>haec</span> <span class='ocrx_word' id='word_1_22' title='bbox 1013 707 1140 777; x_wconf 87' lang='lat' dir='ltr'>quoque</span> <span class='ocrx_word' id='word_1_23' title='bbox 1157 709 1247 758; x_wconf 89' lang='lat' dir='ltr'>usur·</span> 
     </span>
     <span class='ocr_line' id='line_1_5' title="bbox 125 796 1244 884; baseline 0.001 -16"><span class='ocrx_word' id='word_1_24' title='bbox 125 796 128 802; x_wconf 82' lang='grc'>’</span> <span class='ocrx_word' id='word_1_25' title='bbox 151 800 220 884; x_wconf 89' lang='lat' dir='ltr'>pari</span> <span class='ocrx_word' id='word_1_26' title='bbox 243 817 301 884; x_wconf 90' lang='lat' dir='ltr'>pro</span> <span class='ocrx_word' id='word_1_27' title='bbox 322 801 530 872; x_wconf 78' lang='lat' dir='ltr'>substantivis</span> <span class='ocrx_word' id='word_1_28' title='bbox 551 801 665 869; x_wconf 90' lang='lat' dir='ltr'>docent</span> <span class='ocrx_word' id='word_1_29' title='bbox 684 800 745 870; x_wconf 89' lang='lat' dir='ltr'>loci</span> <span class='ocrx_word' id='word_1_30' title='bbox 766 801 813 869; x_wconf 89' lang='lat' dir='ltr'>hi:</span> <span class='ocrx_word' id='word_1_31' title='bbox 1242 799 1244 803; x_wconf 75' lang='grc'>’</span> 
     </span>
     <span class='ocr_line' id='line_1_6' title="bbox 221 909 1246 983; baseline -0.001 -16"><span class='ocrx_word' id='word_1_32' title='bbox 221 911 405 981; x_wconf 77' lang='lat' dir='ltr'>inacporobdc</span> <span class='ocrx_word' id='word_1_33' title='bbox 425 916 465 967; x_wconf 81' lang='lat' dir='ltr'>cat</span> <span class='ocrx_word' id='word_1_34' title='bbox 486 911 961 983; x_wconf 49' lang='lat' dir='ltr'>mwmaampamaomqapso,</span> <span class='ocrx_word' id='word_1_35' title='bbox 981 911 1022 967; x_wconf 90' lang='grc'>10.</span> <span class='ocrx_word' id='word_1_36' title='bbox 1057 915 1181 968; x_wconf 69' lang='lat' dir='ltr'>aeaobsm</span> <span class='ocrx_word' id='word_1_37' title='bbox 1203 909 1246 966; x_wconf 80' lang='lat' dir='ltr'>a&#39;as·</span> 
     </span>
     <span class='ocr_line' id='line_1_7' title="bbox 218 1006 881 1080; baseline -0.011 -11"><span class='ocrx_word' id='word_1_38' title='bbox 218 1006 325 1069; x_wconf 60' lang='lat' dir='ltr'>Mum</span> <span class='ocrx_word' id='word_1_39' title='bbox 341 1007 374 1063; x_wconf 77' lang='lat' dir='ltr'>de</span> <span class='ocrx_word' id='word_1_40' title='bbox 390 1007 530 1078; x_wconf 60' lang='lat' dir='ltr'>frwiaudr&#39;a</span> <span class='ocrx_word' id='word_1_41' title='bbox 544 1008 695 1080; x_wconf 74' lang='lat' dir='ltr'>petardiap.</span> <span class='ocrx_word' id='word_1_42' title='bbox 714 1027 757 1080; x_wconf 90' lang='lat' dir='ltr'>ep.</span> <span class='ocrx_word' id='word_1_43' title='bbox 776 1010 820 1079; x_wconf 80' lang='lat'>94,</span> <span class='ocrx_word' id='word_1_44' title='bbox 839 1008 881 1063; x_wconf 76' lang='lat'>12.</span> 
     </span>
    </p>

    <p class='ocr_par' dir='ltr' id='par_1_4' title="bbox 247 1117 1305 1203">
     <span class='ocr_line' id='line_1_8' title="bbox 247 1117 1305 1203; baseline 0 -18"><span class='ocrx_word' id='word_1_45' title='bbox 247 1117 335 1198; x_wconf 86' lang='lat' dir='ltr'>Quae</span> <span class='ocrx_word' id='word_1_46' title='bbox 368 1139 452 1188; x_wconf 89' lang='lat' dir='ltr'>nunc</span> <span class='ocrx_word' id='word_1_47' title='bbox 481 1119 706 1190; x_wconf 89' lang='lat' dir='ltr'>subiuncturus</span> <span class='ocrx_word' id='word_1_48' title='bbox 729 1141 801 1190; x_wconf 89' lang='lat' dir='ltr'>sum</span> <span class='ocrx_word' id='word_1_49' title='bbox 822 1121 975 1203; x_wconf 87' lang='lat' dir='ltr'>exempla,</span> <span class='ocrx_word' id='word_1_50' title='bbox 997 1138 1068 1186; x_wconf 90' lang='lat' dir='ltr'>oum</span> <span class='ocrx_word' id='word_1_51' title='bbox 1091 1123 1246 1200; x_wconf 89' lang='lat' dir='ltr'>exparte</span> <span class='ocrx_word' id='word_1_52' title='bbox 1292 1118 1305 1178; x_wconf 83' lang='grc'>.“</span> 
     </span>
    </p>

    <p class='ocr_par' dir='ltr' id='par_1_5' title="bbox 120 1229 1266 2952">
     <span class='ocr_line' id='line_1_9' title="bbox 152 1229 1245 1314; baseline 0.002 -20"><span class='ocrx_word' id='word_1_53' title='bbox 152 1229 214 1296; x_wconf 89' lang='lat' dir='ltr'>hun</span> <span class='ocrx_word' id='word_1_54' title='bbox 235 1246 297 1294; x_wconf 91' lang='lat' dir='ltr'>non</span> <span class='ocrx_word' id='word_1_55' title='bbox 317 1230 509 1314; x_wconf 85' lang='lat' dir='ltr'>pertineant,</span> <span class='ocrx_word' id='word_1_56' title='bbox 530 1233 701 1299; x_wconf 87' lang='lat' dir='ltr'>verendum</span> <span class='ocrx_word' id='word_1_57' title='bbox 722 1236 773 1299; x_wconf 90' lang='lat' dir='ltr'>est</span> <span class='ocrx_word' id='word_1_58' title='bbox 786 1249 826 1298; x_wconf 91' lang='lat' dir='ltr'>ne</span> <span class='ocrx_word' id='word_1_59' title='bbox 840 1229 1069 1298; x_wconf 74' lang='lat' dir='ltr'>inconstantiae</span> <span class='ocrx_word' id='word_1_60' title='bbox 1081 1246 1245 1311; x_wconf 83' lang='lat' dir='ltr'>coarguar.</span> 
     </span>
     <span class='ocr_line' id='line_1_10' title="bbox 120 1321 1258 1425; baseline 0.001 -21"><span class='ocrx_word' id='word_1_61' title='bbox 120 1321 125 1332; x_wconf 77' lang='grc'><strong>’</strong></span> <span class='ocrx_word' id='word_1_62' title='bbox 151 1337 271 1405; x_wconf 86' lang='lat' dir='ltr'>Tamen</span> <span class='ocrx_word' id='word_1_63' title='bbox 287 1357 307 1407; x_wconf 92' lang='lat' dir='ltr'>a</span> <span class='ocrx_word' id='word_1_64' title='bbox 327 1356 379 1406; x_wconf 90' lang='lat' dir='ltr'>me</span> <span class='ocrx_word' id='word_1_65' title='bbox 401 1340 573 1423; x_wconf 87' lang='lat' dir='ltr'>impetrare</span> <span class='ocrx_word' id='word_1_66' title='bbox 592 1358 655 1407; x_wconf 93' lang='lat' dir='ltr'>non</span> <span class='ocrx_word' id='word_1_67' title='bbox 676 1359 815 1425; x_wconf 90' lang='lat' dir='ltr'>possum,</span> <span class='ocrx_word' id='word_1_68' title='bbox 838 1346 876 1408; x_wconf 91' lang='lat' dir='ltr'>ut</span> <span class='ocrx_word' id='word_1_69' title='bbox 893 1340 975 1408; x_wconf 91' lang='lat' dir='ltr'>sicco</span> <span class='ocrx_word' id='word_1_70' title='bbox 989 1337 1069 1423; x_wconf 92' lang='lat' dir='ltr'>pede</span> <span class='ocrx_word' id='word_1_71' title='bbox 1082 1345 1258 1421; x_wconf 24' lang='lat' dir='ltr'>transeam!</span> 
     </span>
     <span class='ocr_line' id='line_1_11' title="bbox 152 1446 1246 1534; baseline 0.002 -21"><span class='ocrx_word' id='word_1_72' title='bbox 152 1448 434 1531; x_wconf 81' lang='lat' dir='ltr'>nonnulloslocos,</span> <span class='ocrx_word' id='word_1_73' title='bbox 453 1451 508 1533; x_wconf 91' lang='lat' dir='ltr'>qui</span> <span class='ocrx_word' id='word_1_74' title='bbox 528 1451 644 1534; x_wconf 86' lang='lat' dir='ltr'>duplici</span> <span class='ocrx_word' id='word_1_75' title='bbox 667 1469 706 1518; x_wconf 90' lang='lat' dir='ltr'>ex</span> <span class='ocrx_word' id='word_1_76' title='bbox 729 1469 825 1518; x_wconf 89' lang='lat' dir='ltr'>causa</span> <span class='ocrx_word' id='word_1_77' title='bbox 848 1467 956 1516; x_wconf 89' lang='lat' dir='ltr'>rarum</span> <span class='ocrx_word' id='word_1_78' title='bbox 974 1446 1094 1515; x_wconf 90' lang='lat' dir='ltr'>dicendi</span> <span class='ocrx_word' id='word_1_79' title='bbox 1116 1447 1246 1515; x_wconf 90' lang='lat' dir='ltr'>modum</span> 
     </span>
     <span class='ocr_line' id='line_1_12' title="bbox 153 1553 1248 1642; baseline 0.001 -20"><span class='ocrx_word' id='word_1_80' title='bbox 153 1553 301 1622; x_wconf 87' lang='lat' dir='ltr'>exhibere</span> <span class='ocrx_word' id='word_1_81' title='bbox 329 1555 405 1623; x_wconf 90' lang='lat' dir='ltr'>mihi</span> <span class='ocrx_word' id='word_1_82' title='bbox 424 1557 581 1625; x_wconf 80' lang='lat' dir='ltr'>uidentur.</span> <span class='ocrx_word' id='word_1_83' title='bbox 625 1558 695 1625; x_wconf 89' lang='lat' dir='ltr'>Non</span> <span class='ocrx_word' id='word_1_84' title='bbox 717 1558 801 1626; x_wconf 92' lang='lat' dir='ltr'>enim</span> <span class='ocrx_word' id='word_1_85' title='bbox 822 1575 916 1640; x_wconf 88' lang='lat' dir='ltr'>saepe</span> <span class='ocrx_word' id='word_1_86' title='bbox 937 1557 1063 1625; x_wconf 87' lang='lat' dir='ltr'>evenire</span> <span class='ocrx_word' id='word_1_87' title='bbox 1083 1561 1176 1642; x_wconf 86' lang='lat' dir='ltr'>puto,</span> <span class='ocrx_word' id='word_1_88' title='bbox 1209 1561 1248 1623; x_wconf 91' lang='lat' dir='ltr'>ut</span> 
     </span>
     <span class='ocr_line' id='line_1_13' title="bbox 153 1664 1246 1752; baseline 0.002 -20"><span class='ocrx_word' id='word_1_89' title='bbox 153 1665 215 1732; x_wconf 92' lang='lat' dir='ltr'>duo</span> <span class='ocrx_word' id='word_1_90' title='bbox 238 1664 436 1733; x_wconf 85' lang='lat' dir='ltr'>diversorum</span> <span class='ocrx_word' id='word_1_91' title='bbox 458 1672 637 1751; x_wconf 83' lang='lat' dir='ltr'>temporum</span> <span class='ocrx_word' id='word_1_92' title='bbox 659 1668 756 1735; x_wconf 80' lang='lat' dir='ltr'>uerba</span> <span class='ocrx_word' id='word_1_93' title='bbox 776 1669 935 1752; x_wconf 80' lang='lat' dir='ltr'>pendeant</span> <span class='ocrx_word' id='word_1_94' title='bbox 956 1686 994 1733; x_wconf 87' lang='lat' dir='ltr'>ex</span> <span class='ocrx_word' id='word_1_95' title='bbox 1017 1667 1127 1734; x_wconf 92' lang='lat' dir='ltr'>eadem</span> <span class='ocrx_word' id='word_1_96' title='bbox 1145 1666 1246 1750; x_wconf 90' lang='lat' dir='ltr'>parti·</span> 
     </span>
     <span class='ocr_line' id='line_1_14' title="bbox 154 1773 1246 1868; baseline -0.003 -26"><span class='ocrx_word' id='word_1_97' title='bbox 154 1774 232 1859; x_wconf 80' lang='lat' dir='ltr'>sula,</span> <span class='ocrx_word' id='word_1_98' title='bbox 254 1775 336 1868; x_wconf 82' lang='lat' dir='ltr'>sicut</span> <span class='ocrx_word' id='word_1_99' title='bbox 355 1776 385 1842; x_wconf 91' lang='lat' dir='ltr'>d.</span> <span class='ocrx_word' id='word_1_100' title='bbox 408 1775 447 1844; x_wconf 83' lang='lat' dir='ltr'>cl.</span> <span class='ocrx_word' id='word_1_101' title='bbox 468 1773 500 1840; x_wconf 90' lang='grc' dir='ltr'>ΙΙ</span> <span class='ocrx_word' id='word_1_102' title='bbox 523 1775 551 1852; x_wconf 89' lang='lat'>1,</span> <span class='ocrx_word' id='word_1_103' title='bbox 568 1777 587 1840; x_wconf 85' lang='lat'>2</span> <span class='ocrx_word' id='word_1_104' title='bbox 608 1782 718 1842; x_wconf 79' lang='lat' dir='ltr'>inritus</span> <span class='ocrx_word' id='word_1_105' title='bbox 737 1782 827 1842; x_wconf 77' lang='lat' dir='ltr'>irrito</span> <span class='ocrx_word' id='word_1_106' title='bbox 846 1798 911 1842; x_wconf 80' lang='lat' dir='ltr'>cum</span> <span class='ocrx_word' id='word_1_107' title='bbox 929 1780 1062 1841; x_wconf 77' lang='lat' dir='ltr'>obortam</span> <span class='ocrx_word' id='word_1_108' title='bbox 1070 1779 1246 1854; x_wconf 73' lang='lat' dir='ltr'>protulisset</span> 
     </span>
     <span class='ocr_line' id='line_1_15' title="bbox 152 1861 1246 1968; baseline -0.002 -18"><span class='ocrx_word' id='word_1_109' title='bbox 152 1891 344 1966; x_wconf 66' lang='grc' dir='ltr'>ιναάενειᾳιιο,</span> <span class='ocrx_word' id='word_1_110' title='bbox 367 1891 616 1952; x_wconf 47' lang='lat' dir='ltr'>murmurosa...</span> <span class='ocrx_word' id='word_1_111' title='bbox 645 1882 722 1950; x_wconf 85' lang='lat' dir='ltr'>Cum</span> <span class='ocrx_word' id='word_1_112' title='bbox 742 1884 789 1952; x_wconf 92' lang='lat' dir='ltr'>ita</span> <span class='ocrx_word' id='word_1_113' title='bbox 811 1884 946 1968; x_wconf 86' lang='lat' dir='ltr'>scriptor</span> <span class='ocrx_word' id='word_1_114' title='bbox 966 1861 1142 1951; x_wconf 78' lang='lat' dir='ltr'>mutatione</span> <span class='ocrx_word' id='word_1_115' title='bbox 1165 1887 1246 1950; x_wconf 88' lang='lat' dir='ltr'>tem·</span> 
     </span>
     <span class='ocr_line' id='line_1_16' title="bbox 152 1993 1247 2078; baseline -0.002 -17"><span class='ocrx_word' id='word_1_116' title='bbox 152 2012 266 2078; x_wconf 91' lang='lat' dir='ltr'>porum</span> <span class='ocrx_word' id='word_1_117' title='bbox 294 1993 380 2062; x_wconf 84' lang='lat' dir='ltr'>iacta</span> <span class='ocrx_word' id='word_1_118' title='bbox 412 2012 490 2061; x_wconf 91' lang='lat' dir='ltr'>cum·</span> <span class='ocrx_word' id='word_1_119' title='bbox 515 1995 545 2060; x_wconf 90' lang='lat' dir='ltr'>vi</span> <span class='ocrx_word' id='word_1_120' title='bbox 573 1994 710 2078; x_wconf 89' lang='lat' dir='ltr'>quadam</span> <span class='ocrx_word' id='word_1_121' title='bbox 743 1995 897 2061; x_wconf 89' lang='lat' dir='ltr'>actionem</span> <span class='ocrx_word' id='word_1_122' title='bbox 926 1993 1062 2060; x_wconf 87' lang='lat' dir='ltr'>alteram</span> <span class='ocrx_word' id='word_1_123' title='bbox 1091 2011 1111 2058; x_wconf 94' lang='lat' dir='ltr'>a</span> <span class='ocrx_word' id='word_1_124' title='bbox 1141 1993 1247 2074; x_wconf 88' lang='lat' dir='ltr'>priore</span> 
     </span>
     <span class='ocr_line' id='line_1_17' title="bbox 153 2101 1248 2185; baseline -0.002 -14"><span class='ocrx_word' id='word_1_125' title='bbox 153 2103 299 2183; x_wconf 83' lang='lat' dir='ltr'>seiunxit,</span> <span class='ocrx_word' id='word_1_126' title='bbox 322 2103 444 2170; x_wconf 90' lang='lat' dir='ltr'>ideam</span> <span class='ocrx_word' id='word_1_127' title='bbox 465 2103 504 2170; x_wconf 94' lang='lat' dir='ltr'>ob</span> <span class='ocrx_word' id='word_1_128' title='bbox 522 2121 651 2172; x_wconf 90' lang='lat' dir='ltr'>oausam</span> <span class='ocrx_word' id='word_1_129' title='bbox 664 2103 775 2171; x_wconf 81' lang='lat' dir='ltr'>fecisse</span> <span class='ocrx_word' id='word_1_130' title='bbox 788 2103 950 2185; x_wconf 90' lang='lat' dir='ltr'>putandus</span> <span class='ocrx_word' id='word_1_131' title='bbox 963 2108 1021 2184; x_wconf 85' lang='lat' dir='ltr'>est,</span> <span class='ocrx_word' id='word_1_132' title='bbox 1043 2101 1248 2169; x_wconf 88' lang='lat' dir='ltr'>utindicaret</span> 
     </span>
     <span class='ocr_line' id='line_1_18' title="bbox 153 2191 1247 2298; baseline 0 -20"><span class='ocrx_word' id='word_1_133' title='bbox 153 2212 285 2279; x_wconf 83' lang='lat' dir='ltr'>alteram</span> <span class='ocrx_word' id='word_1_134' title='bbox 307 2212 410 2281; x_wconf 87' lang='lat' dir='ltr'>altera</span> <span class='ocrx_word' id='word_1_135' title='bbox 430 2213 606 2298; x_wconf 83' lang='lat' dir='ltr'>graviorem</span> <span class='ocrx_word' id='word_1_136' title='bbox 630 2231 706 2280; x_wconf 90' lang='lat' dir='ltr'>esse.</span> <span class='ocrx_word' id='word_1_137' title='bbox 751 2212 829 2280; x_wconf 83' lang='lat' dir='ltr'>cun</span> <span class='ocrx_word' id='word_1_138' title='bbox 842 2213 904 2280; x_wconf 92' lang='lat' dir='ltr'>hac</span> <span class='ocrx_word' id='word_1_139' title='bbox 918 2218 1025 2280; x_wconf 63' lang='lat' dir='ltr'>amen</span> <span class='ocrx_word' id='word_1_140' title='bbox 1038 2191 1247 2280; x_wconf 81' lang='lat' dir='ltr'>disiunctione</span> 
     </span>
     <span class='ocr_line' id='line_1_19' title="bbox 154 2321 1266 2415; baseline 0.001 -28"><span class='ocrx_word' id='word_1_141' title='bbox 154 2322 282 2389; x_wconf 83' lang='lat' dir='ltr'>minione</span> <span class='ocrx_word' id='word_1_142' title='bbox 310 2322 457 2409; x_wconf 80' lang='lat' dir='ltr'>congruit</span> <span class='ocrx_word' id='word_1_143' title='bbox 488 2347 543 2403; x_wconf 76' lang='lat' dir='ltr'>poe</span> <span class='ocrx_word' id='word_1_144' title='bbox 574 2322 740 2407; x_wconf 83' lang='lat' dir='ltr'>particula,</span> <span class='ocrx_word' id='word_1_145' title='bbox 775 2339 840 2403; x_wconf 90' lang='lat' dir='ltr'>qua</span> <span class='ocrx_word' id='word_1_146' title='bbox 868 2321 1021 2389; x_wconf 88' lang='lat' dir='ltr'>dissoluta</span> <span class='ocrx_word' id='word_1_147' title='bbox 1053 2322 1155 2388; x_wconf 90' lang='lat' dir='ltr'>denuo</span> <span class='ocrx_word' id='word_1_148' title='bbox 1176 2327 1266 2415; x_wconf 26' lang='lat' dir='ltr'>arte,</span> 
     </span>
     <span class='ocr_line' id='line_1_20' title="bbox 156 2430 1246 2515; baseline -0.002 -17"><span class='ocrx_word' id='word_1_149' title='bbox 156 2430 366 2515; x_wconf 75' lang='lat' dir='ltr'>conigantur3</span> <span class='ocrx_word' id='word_1_150' title='bbox 398 2431 536 2500; x_wconf 74' lang='lat' dir='ltr'>defensio</span> <span class='ocrx_word' id='word_1_151' title='bbox 569 2432 642 2499; x_wconf 89' lang='lat' dir='ltr'>inde</span> <span class='ocrx_word' id='word_1_152' title='bbox 666 2437 799 2515; x_wconf 88' lang='lat' dir='ltr'>paratur</span> <span class='ocrx_word' id='word_1_153' title='bbox 819 2432 974 2515; x_wconf 88' lang='lat' dir='ltr'>scriptori,</span> <span class='ocrx_word' id='word_1_154' title='bbox 997 2431 1082 2514; x_wconf 87' lang='lat' dir='ltr'>qnod</span> <span class='ocrx_word' id='word_1_155' title='bbox 1105 2431 1161 2498; x_wconf 89' lang='lat' dir='ltr'>illa</span> <span class='ocrx_word' id='word_1_156' title='bbox 1180 2436 1246 2497; x_wconf 91' lang='lat' dir='ltr'>tra·</span> 
     </span>
     <span class='ocr_line' id='line_1_21' title="bbox 155 2537 1247 2625; baseline 0.004 -21"><span class='ocrx_word' id='word_1_157' title='bbox 155 2537 248 2607; x_wconf 85' lang='lat' dir='ltr'>dandi</span> <span class='ocrx_word' id='word_1_158' title='bbox 269 2541 351 2609; x_wconf 90' lang='lat' dir='ltr'>actio</span> <span class='ocrx_word' id='word_1_159' title='bbox 371 2541 460 2608; x_wconf 88' lang='lat' dir='ltr'>nulla</span> <span class='ocrx_word' id='word_1_160' title='bbox 483 2560 572 2609; x_wconf 91' lang='lat' dir='ltr'>mora</span> <span class='ocrx_word' id='word_1_161' title='bbox 594 2541 781 2623; x_wconf 87' lang='lat' dir='ltr'>interposita</span> <span class='ocrx_word' id='word_1_162' title='bbox 795 2541 1247 2625; x_wconf 83' lang='lat' dir='ltr'>excipitantecedeutempro-</span> 
     </span>
     <span class='ocr_line' id='line_1_22' title="bbox 155 2646 1247 2730; baseline 0.002 -15"><span class='ocrx_word' id='word_1_163' title='bbox 155 2646 284 2717; x_wconf 81' lang='lat' dir='ltr'>ferendi.</span> <span class='ocrx_word' id='word_1_164' title='bbox 327 2648 477 2719; x_wconf 85' lang='lat' dir='ltr'>Similiter</span> <span class='ocrx_word' id='word_1_165' title='bbox 497 2649 525 2716; x_wconf 93' lang='lat' dir='ltr'>d.</span> <span class='ocrx_word' id='word_1_166' title='bbox 549 2651 579 2718; x_wconf 90' lang='lat' dir='ltr'>b.</span> <span class='ocrx_word' id='word_1_167' title='bbox 593 2651 625 2716; x_wconf 87' lang='grc' dir='ltr'>ΙΙ</span> <span class='ocrx_word' id='word_1_168' title='bbox 640 2652 692 2730; x_wconf 84' lang='grc'>21,</span> <span class='ocrx_word' id='word_1_169' title='bbox 710 2652 730 2716; x_wconf 88' lang='grc'><strong>6</strong></span> <span class='ocrx_word' id='word_1_170' title='bbox 751 2674 817 2717; x_wconf 81' lang='lat' dir='ltr'>cam</span> <span class='ocrx_word' id='word_1_171' title='bbox 836 2656 883 2716; x_wconf 73' lang='lat' dir='ltr'>itti</span> <span class='ocrx_word' id='word_1_172' title='bbox 901 2656 1085 2718; x_wconf 66' lang='lat' dir='ltr'>Rebus...</span> <span class='ocrx_word' id='word_1_173' title='bbox 1105 2657 1247 2717; x_wconf 72' lang='lat' dir='ltr'>maiorm</span> 
     </span>
     <span class='ocr_line' id='line_1_23' title="bbox 153 2757 1246 2842; baseline -0.004 -16"><span class='ocrx_word' id='word_1_174' title='bbox 153 2781 294 2826; x_wconf 75' lang='lat' dir='ltr'>summ</span> <span class='ocrx_word' id='word_1_175' title='bbox 324 2766 450 2827; x_wconf 57' lang='lat' dir='ltr'>adesset</span> <span class='ocrx_word' id='word_1_176' title='bbox 467 2765 704 2839; x_wconf 77' lang='lat' dir='ltr'>instaretque...</span> <span class='ocrx_word' id='word_1_177' title='bbox 724 2765 828 2839; x_wconf 64' lang='lat' dir='ltr'>morit.</span> <span class='ocrx_word' id='word_1_178' title='bbox 871 2759 916 2824; x_wconf 82' lang='lat' dir='ltr'>nt</span> <span class='ocrx_word' id='word_1_179' title='bbox 936 2757 1034 2839; x_wconf 77' lang='lat' dir='ltr'>paulo</span> <span class='ocrx_word' id='word_1_180' title='bbox 1055 2757 1158 2842; x_wconf 84' lang='lat' dir='ltr'>magis</span> <span class='ocrx_word' id='word_1_181' title='bbox 1181 2757 1246 2825; x_wconf 84' lang='lat' dir='ltr'>iam</span> 
     </span>
     <span class='ocr_line' id='line_1_24' title="bbox 154 2865 1247 2952; baseline 0.002 -20"><span class='ocrx_word' id='word_1_182' title='bbox 154 2865 315 2952; x_wconf 85' lang='lat' dir='ltr'>discrepat</span> <span class='ocrx_word' id='word_1_183' title='bbox 344 2887 415 2935; x_wconf 92' lang='lat' dir='ltr'>cum</span> <span class='ocrx_word' id='word_1_184' title='bbox 443 2868 493 2936; x_wconf 92' lang='lat' dir='ltr'>his</span> <span class='ocrx_word' id='word_1_185' title='bbox 521 2866 645 2935; x_wconf 89' lang='lat' dir='ltr'>duobus</span> <span class='ocrx_word' id='word_1_186' title='bbox 666 2866 798 2948; x_wconf 87' lang='lat' dir='ltr'>ideoque</span> <span class='ocrx_word' id='word_1_187' title='bbox 819 2866 963 2934; x_wconf 88' lang='lat' dir='ltr'>mutandi</span> <span class='ocrx_word' id='word_1_188' title='bbox 984 2884 1096 2934; x_wconf 89' lang='lat' dir='ltr'>ansam</span> <span class='ocrx_word' id='word_1_189' title='bbox 1118 2865 1247 2934; x_wconf 85' lang='lat' dir='ltr'>Gortzio</span> 
     </span>
    </p>
   </div>
   <div class='ocr_carea' id='block_1_3' title="bbox 154 2976 1343 3059">
    <p class='ocr_par' dir='ltr' id='par_1_6' title="bbox 154 2976 1343 3059">
     <span class='ocr_line' id='line_1_25' title="bbox 154 2976 1343 3059; baseline 0.001 -17"><span class='ocrx_word' id='word_1_190' title='bbox 154 2976 457 3059; x_wconf 74' lang='lat' dir='ltr'>praespicuitas,</span> <span class='ocrx_word' id='word_1_191' title='bbox 479 2979 664 3058; x_wconf 65' lang='lat' dir='ltr'>samaram</span> <span class='ocrx_word' id='word_1_192' title='bbox 676 2983 753 3042; x_wconf 78' lang='lat' dir='ltr'>irater</span> <span class='ocrx_word' id='word_1_193' title='bbox 765 2998 873 3042; x_wconf 81' lang='lat' dir='ltr'>creans</span> <span class='ocrx_word' id='word_1_194' title='bbox 884 2982 1002 3042; x_wconf 78' lang='lat' dir='ltr'>radices</span> <span class='ocrx_word' id='word_1_195' title='bbox 1016 2998 1128 3056; x_wconf 77' lang='lat' dir='ltr'>qaoque</span> <span class='ocrx_word' id='word_1_196' title='bbox 1143 2983 1247 3043; x_wconf 68' lang='lat' dir='ltr'>otba-</span> <span class='ocrx_word' id='word_1_197' title='bbox 1341 2999 1343 3003; x_wconf 48' lang='lat'><strong>¹</strong></span> 
     </span>
    </p>
   </div>
   <div class='ocr_carea' id='block_1_4' title="bbox 154 3089 1330 4389">
    <p class='ocr_par' dir='ltr' id='par_1_7' title="bbox 154 3089 1330 4389">
     <span class='ocr_line' id='line_1_26' title="bbox 154 3089 1246 3166; baseline -0.001 -15"><span class='ocrx_word' id='word_1_198' title='bbox 154 3091 207 3151; x_wconf 86' lang='lat' dir='ltr'>bae</span> <span class='ocrx_word' id='word_1_199' title='bbox 229 3090 396 3164; x_wconf 68' lang='lat' dir='ltr'>deformant</span> <span class='ocrx_word' id='word_1_200' title='bbox 419 3092 615 3166; x_wconf 53' lang='lat' dir='ltr'>aperitque</span> <span class='ocrx_word' id='word_1_201' title='bbox 634 3092 722 3165; x_wconf 72' lang='lat' dir='ltr'>inops</span> <span class='ocrx_word' id='word_1_202' title='bbox 740 3091 828 3150; x_wconf 69' lang='lat' dir='ltr'>aaa</span> <span class='ocrx_word' id='word_1_203' title='bbox 845 3089 1019 3150; x_wconf 70' lang='lat' dir='ltr'>committas</span> <span class='ocrx_word' id='word_1_204' title='bbox 1033 3089 1160 3151; x_wconf 75' lang='lat' dir='ltr'>solitudo</span> <span class='ocrx_word' id='word_1_205' title='bbox 1170 3091 1246 3150; x_wconf 84' lang='lat' dir='ltr'>deci·</span> 
     </span>
     <span class='ocr_line' id='line_1_27' title="bbox 154 3192 1247 3274; baseline -0.001 -15"><span class='ocrx_word' id='word_1_206' title='bbox 154 3216 233 3259; x_wconf 79' lang='lat' dir='ltr'>mma</span> <span class='ocrx_word' id='word_1_207' title='bbox 257 3217 397 3274; x_wconf 76' lang='lat' dir='ltr'>quemque</span> <span class='ocrx_word' id='word_1_208' title='bbox 420 3201 517 3260; x_wconf 74' lang='lat' dir='ltr'>sortiti</span> <span class='ocrx_word' id='word_1_209' title='bbox 536 3200 706 3260; x_wconf 71' lang='lat' dir='ltr'>otomotooa</span> <span class='ocrx_word' id='word_1_210' title='bbox 726 3199 892 3258; x_wconf 62' lang='lat' dir='ltr'>babuerat</span> <span class='ocrx_word' id='word_1_211' title='bbox 908 3198 988 3272; x_wconf 77' lang='lat' dir='ltr'>lame</span> <span class='ocrx_word' id='word_1_212' title='bbox 1007 3198 1131 3258; x_wconf 68' lang='lat' dir='ltr'>sacrdos.</span> <span class='ocrx_word' id='word_1_213' title='bbox 1175 3192 1247 3258; x_wconf 86' lang='lat' dir='ltr'>Non</span> 
     </span>
     <span class='ocr_line' id='line_1_28' title="bbox 154 3298 1293 3384; baseline 0.002 -18"><span class='ocrx_word' id='word_1_214' title='bbox 154 3307 261 3368; x_wconf 91' lang='lat' dir='ltr'>tamen</span> <span class='ocrx_word' id='word_1_215' title='bbox 285 3307 336 3369; x_wconf 89' lang='lat' dir='ltr'>est</span> <span class='ocrx_word' id='word_1_216' title='bbox 357 3303 440 3384; x_wconf 92' lang='lat' dir='ltr'>quod</span> <span class='ocrx_word' id='word_1_217' title='bbox 462 3301 570 3369; x_wconf 87' lang='lat' dir='ltr'>offensi</span> <span class='ocrx_word' id='word_1_218' title='bbox 591 3301 723 3369; x_wconf 85' lang='lat' dir='ltr'>diversis</span> <span class='ocrx_word' id='word_1_219' title='bbox 739 3301 936 3383; x_wconf 85' lang='lat' dir='ltr'>temporibus</span> <span class='ocrx_word' id='word_1_220' title='bbox 950 3300 1125 3368; x_wconf 87' lang='lat' dir='ltr'>scribamus</span> <span class='ocrx_word' id='word_1_221' title='bbox 1136 3307 1246 3380; x_wconf 72' lang='lat' dir='ltr'>desac-</span> <span class='ocrx_word' id='word_1_222' title='bbox 1290 3298 1293 3303; x_wconf 75' lang='grc'><em>“</em></span> 
     </span>
     <span class='ocr_line' id='line_1_29' title="bbox 154 3408 1248 3495; baseline 0.004 -20"><span class='ocrx_word' id='word_1_223' title='bbox 154 3417 234 3488; x_wconf 76' lang='lat' dir='ltr'>root,</span> <span class='ocrx_word' id='word_1_224' title='bbox 254 3409 397 3477; x_wconf 88' lang='lat' dir='ltr'>ducimur</span> <span class='ocrx_word' id='word_1_225' title='bbox 418 3410 501 3477; x_wconf 91' lang='lat' dir='ltr'>enim</span> <span class='ocrx_word' id='word_1_226' title='bbox 522 3416 686 3493; x_wconf 88' lang='lat' dir='ltr'>tamquam</span> <span class='ocrx_word' id='word_1_227' title='bbox 703 3408 749 3476; x_wconf 90' lang='lat' dir='ltr'>rei</span> <span class='ocrx_word' id='word_1_228' title='bbox 769 3415 953 3493; x_wconf 86' lang='lat' dir='ltr'>praesentes</span> <span class='ocrx_word' id='word_1_229' title='bbox 966 3428 1024 3492; x_wconf 91' lang='lat' dir='ltr'>per</span> <span class='ocrx_word' id='word_1_230' title='bbox 1039 3411 1182 3495; x_wconf 86' lang='lat' dir='ltr'>singulas</span> <span class='ocrx_word' id='word_1_231' title='bbox 1196 3428 1248 3478; x_wconf 84' lang='lat' dir='ltr'>aa·</span> 
     </span>
     <span class='ocr_line' id='line_1_30' title="bbox 155 3517 1246 3607; baseline -0.001 -23"><span class='ocrx_word' id='word_1_232' title='bbox 155 3517 314 3586; x_wconf 85' lang='lat' dir='ltr'>lumitates</span> <span class='ocrx_word' id='word_1_233' title='bbox 343 3536 401 3586; x_wconf 92' lang='lat' dir='ltr'>nec</span> <span class='ocrx_word' id='word_1_234' title='bbox 430 3520 538 3586; x_wconf 91' lang='lat' dir='ltr'>statim</span> <span class='ocrx_word' id='word_1_235' title='bbox 565 3519 599 3585; x_wconf 93' lang='lat' dir='ltr'>in</span> <span class='ocrx_word' id='word_1_236' title='bbox 630 3524 811 3607; x_wconf 39' lang='lat' dir='ltr'>extremam!</span> <span class='ocrx_word' id='word_1_237' title='bbox 837 3520 995 3586; x_wconf 90' lang='lat' dir='ltr'>miseriam</span> <span class='ocrx_word' id='word_1_238' title='bbox 1022 3519 1169 3587; x_wconf 91' lang='lat' dir='ltr'>coniectis</span> <span class='ocrx_word' id='word_1_239' title='bbox 1192 3517 1246 3583; x_wconf 94' lang='lat' dir='ltr'>ad·</span> 
     </span>
     <span class='ocr_line' id='line_1_31' title="bbox 155 3626 1248 3714; baseline -0.001 -21"><span class='ocrx_word' id='word_1_240' title='bbox 155 3645 335 3713; x_wconf 81' lang='lat' dir='ltr'>gregamur.</span> <span class='ocrx_word' id='word_1_241' title='bbox 367 3628 521 3696; x_wconf 88' lang='lat' dir='ltr'>Remanet</span> <span class='ocrx_word' id='word_1_242' title='bbox 543 3647 616 3697; x_wconf 86' lang='lat' dir='ltr'>vero</span> <span class='ocrx_word' id='word_1_243' title='bbox 636 3635 750 3697; x_wconf 91' lang='lat' dir='ltr'>notatu</span> <span class='ocrx_word' id='word_1_244' title='bbox 770 3631 877 3714; x_wconf 84' lang='lat' dir='ltr'>digna,</span> <span class='ocrx_word' id='word_1_245' title='bbox 898 3629 930 3696; x_wconf 93' lang='lat' dir='ltr'>ni</span> <span class='ocrx_word' id='word_1_246' title='bbox 943 3628 1046 3707; x_wconf 83' lang='lat' dir='ltr'>fallor,</span> <span class='ocrx_word' id='word_1_247' title='bbox 1067 3627 1176 3694; x_wconf 88' lang='lat' dir='ltr'>celeris</span> <span class='ocrx_word' id='word_1_248' title='bbox 1191 3626 1248 3693; x_wconf 90' lang='lat' dir='ltr'>illa</span> 
     </span>
     <span class='ocr_line' id='line_1_32' title="bbox 155 3738 1310 3837; baseline 0 -34"><span class='ocrx_word' id='word_1_249' title='bbox 155 3755 212 3820; x_wconf 87' lang='lat' dir='ltr'>per</span> <span class='ocrx_word' id='word_1_250' title='bbox 231 3760 286 3818; x_wconf 82' lang='lat' dir='ltr'>poe</span> <span class='ocrx_word' id='word_1_251' title='bbox 306 3738 462 3805; x_wconf 88' lang='lat' dir='ltr'>transitio.</span> <span class='ocrx_word' id='word_1_252' title='bbox 546 3788 551 3801; x_wconf 74' lang='grc'>,</span> <span class='ocrx_word' id='word_1_253' title='bbox 1306 3830 1310 3837; x_wconf 17' lang='grc' dir='ltr'>ἱ</span> 
     </span>
     <span class='ocr_line' id='line_1_33' title="bbox 259 3863 1247 3947; baseline -0.001 -18"><span class='ocrx_word' id='word_1_254' title='bbox 259 3864 367 3932; x_wconf 89' lang='lat' dir='ltr'>Pauca</span> <span class='ocrx_word' id='word_1_255' title='bbox 388 3865 560 3933; x_wconf 81' lang='lat' dir='ltr'>adiciamus</span> <span class='ocrx_word' id='word_1_256' title='bbox 582 3866 621 3934; x_wconf 90' lang='lat' dir='ltr'>de</span> <span class='ocrx_word' id='word_1_257' title='bbox 644 3870 760 3936; x_wconf 90' lang='lat' dir='ltr'>natura</span> <span class='ocrx_word' id='word_1_258' title='bbox 775 3864 936 3932; x_wconf 91' lang='lat' dir='ltr'>notionum</span> <span class='ocrx_word' id='word_1_259' title='bbox 951 3883 1009 3947; x_wconf 90' lang='lat' dir='ltr'>per</span> <span class='ocrx_word' id='word_1_260' title='bbox 1024 3888 1079 3946; x_wconf 78' lang='lat' dir='ltr'>poa</span> <span class='ocrx_word' id='word_1_261' title='bbox 1093 3863 1247 3946; x_wconf 89' lang='lat' dir='ltr'>composi-</span> 
     </span>
     <span class='ocr_line' id='line_1_34' title="bbox 156 3973 1247 4057; baseline 0.001 -19"><span class='ocrx_word' id='word_1_262' title='bbox 156 3977 262 4040; x_wconf 90' lang='lat' dir='ltr'>tarum</span> <span class='ocrx_word' id='word_1_263' title='bbox 287 3973 413 4041; x_wconf 89' lang='lat' dir='ltr'>inutilia</span> <span class='ocrx_word' id='word_1_264' title='bbox 432 3975 580 4056; x_wconf 82' lang='lat' dir='ltr'>sortasse,</span> <span class='ocrx_word' id='word_1_265' title='bbox 611 3977 686 4057; x_wconf 89' lang='lat' dir='ltr'>quia</span> <span class='ocrx_word' id='word_1_266' title='bbox 707 3974 876 4042; x_wconf 70' lang='lat' dir='ltr'>exrordine</span> <span class='ocrx_word' id='word_1_267' title='bbox 896 3992 990 4056; x_wconf 90' lang='lat' dir='ltr'>quem</span> <span class='ocrx_word' id='word_1_268' title='bbox 1011 3973 1193 4039; x_wconf 77' lang='lat' dir='ltr'>summatim</span> <span class='ocrx_word' id='word_1_269' title='bbox 1215 3973 1247 4039; x_wconf 92' lang='lat' dir='ltr'>in</span> 
     </span>
     <span class='ocr_line' id='line_1_35' title="bbox 156 4078 1330 4168; baseline 0.002 -22"><span class='ocrx_word' id='word_1_270' title='bbox 156 4081 351 4165; x_wconf 79' lang='lat' dir='ltr'>proterendis</span> <span class='ocrx_word' id='word_1_271' title='bbox 371 4083 448 4152; x_wconf 88' lang='lat' dir='ltr'>locis</span> <span class='ocrx_word' id='word_1_272' title='bbox 468 4085 567 4152; x_wconf 88' lang='lat' dir='ltr'>secuti</span> <span class='ocrx_word' id='word_1_273' title='bbox 588 4103 707 4168; x_wconf 89' lang='lat' dir='ltr'>snmus,</span> <span class='ocrx_word' id='word_1_274' title='bbox 729 4103 797 4151; x_wconf 87' lang='lat' dir='ltr'>rem</span> <span class='ocrx_word' id='word_1_275' title='bbox 811 4085 874 4150; x_wconf 92' lang='lat' dir='ltr'>iam</span> <span class='ocrx_word' id='word_1_276' title='bbox 888 4087 1085 4166; x_wconf 88' lang='lat' dir='ltr'>perspectam</span> <span class='ocrx_word' id='word_1_277' title='bbox 1099 4100 1168 4149; x_wconf 87' lang='lat' dir='ltr'>esse</span> <span class='ocrx_word' id='word_1_278' title='bbox 1182 4083 1247 4167; x_wconf 92' lang='lat' dir='ltr'>opi·</span> <span class='ocrx_word' id='word_1_279' title='bbox 1327 4078 1330 4088; x_wconf 89' lang='lat'>&#39;</span> 
     </span>
     <span class='ocr_line' id='line_1_36' title="bbox 156 4192 1247 4278; baseline 0.004 -22"><span class='ocrx_word' id='word_1_280' title='bbox 156 4208 223 4258; x_wconf 90' lang='lat' dir='ltr'>nor.</span> <span class='ocrx_word' id='word_1_281' title='bbox 266 4193 379 4259; x_wconf 87' lang='lat' dir='ltr'>Paucis</span> <span class='ocrx_word' id='word_1_282' title='bbox 399 4193 589 4278; x_wconf 42' lang='lat' dir='ltr'>igiturplocis</span> <span class='ocrx_word' id='word_1_283' title='bbox 604 4194 709 4262; x_wconf 88' lang='lat' dir='ltr'>variae</span> <span class='ocrx_word' id='word_1_284' title='bbox 722 4212 774 4262; x_wconf 89' lang='lat' dir='ltr'>res</span> <span class='ocrx_word' id='word_1_285' title='bbox 789 4200 822 4260; x_wconf 88' lang='lat' dir='ltr'>et</span> <span class='ocrx_word' id='word_1_286' title='bbox 835 4192 948 4278; x_wconf 90' lang='lat' dir='ltr'>quibus</span> <span class='ocrx_word' id='word_1_287' title='bbox 961 4193 1087 4260; x_wconf 90' lang='lat' dir='ltr'>nullam</span> <span class='ocrx_word' id='word_1_288' title='bbox 1102 4199 1152 4260; x_wconf 90' lang='lat' dir='ltr'>est</span> <span class='ocrx_word' id='word_1_289' title='bbox 1164 4210 1247 4260; x_wconf 91' lang='lat' dir='ltr'>com·</span> 
     </span>
     <span class='ocr_line' id='line_1_37' title="bbox 156 4302 1246 4389; baseline 0.004 -22"><span class='ocrx_word' id='word_1_290' title='bbox 156 4302 307 4369; x_wconf 75' lang='lat' dir='ltr'>merdam</span> <span class='ocrx_word' id='word_1_291' title='bbox 328 4304 539 4384; x_wconf 89' lang='lat' dir='ltr'>nominantur,</span> <span class='ocrx_word' id='word_1_292' title='bbox 561 4304 672 4389; x_wconf 87' lang='lat' dir='ltr'>quales</span> <span class='ocrx_word' id='word_1_293' title='bbox 692 4304 814 4372; x_wconf 93' lang='lat' dir='ltr'>suntin</span> <span class='ocrx_word' id='word_1_294' title='bbox 828 4303 1246 4388; x_wconf 58' lang='lat' dir='ltr'>comemmorans</span> 
     </span>
    </p>
   </div>
   <div class='ocr_carea' id='block_1_5' title="bbox 0 0 1383 4724">
    <p class='ocr_par' dir='ltr' id='par_1_8' title="bbox 0 0 1383 4724">
     <span class='ocr_line' id='line_1_38' title="bbox 0 0 1383 4724; baseline 0 0"><span class='ocrx_word' id='word_1_295' title='bbox 0 0 1383 4724; x_wconf 95' lang='lat' dir='ltr'> </span> 
     </span>
    </p>
   </div>
  </div>
 </body>
</html>
