2746 4724
664 272 705 337 32

236 471 270 538 Si
290 472 343 552 qui
366 476 460 536 erunt
491 473 544 550 qui
566 475 679 553 putent
711 496 745 537 aa
766 471 905 552 positum
938 487 1007 538 ease
1037 488 1099 553 qno
1131 470 1236 554 mama

80 646 85 657 ,
137 578 288 646 efferatur
315 581 364 646 vis
396 585 429 644 et
449 581 588 660 gravitas
619 582 798 660 verborum,
832 583 943 646 contra
972 579 1038 646 ‘dici
1073 584 1181 661 potest
1204 581 1236 647 in

136 697 227 771 parte
248 693 374 754 tantum
390 690 603 771 exemplorum
620 690 771 755 maiorem
795 691 859 754 vim
881 682 1044 771 adparere.
1089 689 1153 755 Nee
1175 691 1236 756 mi·

136 817 196 864 nus
219 818 238 863 a
261 818 334 864 vero
356 799 459 864 aberit
482 800 578 879 isqui
607 818 677 864 eum
705 798 875 864 identidem
902 806 1073 879 utrumque
1104 799 1234 865 adieeti-

137 926 210 972 rum
220 908 272 972 ab
293 909 404 972 eadem
427 908 571 973 litteras
591 909 698 974 videat
722 908 867 991 incipere,
890 908 962 974 inde
978 909 1009 974 in
1029 908 1081 974 his
1102 931 1138 973 aa
1158 927 1233 990 par-

136 1018 251 1084 ticulae
282 1023 372 1098 petat
404 1035 543 1083 causam.
589 1018 687 1082 Inane
720 1017 783 1082 tale
816 1022 1026 1083 commentum
1060 1036 1131 1084 esse
1162 1037 1234 1083 cum
1340 1042 1343 1047 ·

136 1126 205 1193 aliis
226 1132 295 1191 tum
316 1127 417 1192 tribus
440 1126 532 1190 huius
554 1127 653 1208 ipsius
674 1127 800 1192 litterae
821 1151 837 1191 s
857 1127 1010 1207 exemplis
1031 1128 1235 1208 coarguitur3

136 1236 233 1302 habes
255 1237 339 1303 enim
367 1259 437 1316 pae:
468 1243 500 1301 ia
523 1243 646 1300 tristitia
666 1259 850 1315 superuacua
869 1241 1013 1316 stattapae
1035 1236 1075 1302 di.
1099 1236 1162 1301 XII
1184 1237 1234 1315 16,

137 1348 165 1411 7.
208 1352 370 1426 splendidis
389 1351 574 1424 sordidisque
595 1363 643 1426 ep.
664 1346 715 1421 44,
745 1345 774 1410 5.
818 1350 880 1410 toea
901 1353 982 1411 seria
1007 1356 1164 1426 sanctaque
1185 1365 1235 1428 ep.

136 1457 259 1535 51,10.
313 1455 412 1520 Immo
444 1471 507 1519 non
528 1455 719 1536 geminatam
745 1477 768 1540 s,
796 1454 850 1520 sed
879 1455 1050 1536 simplicem
1078 1455 1109 1519 in
1137 1474 1235 1522 eausa

136 1583 205 1630 esse
227 1566 316 1646 capia
335 1563 550 1645 exemplorum
571 1562 742 1629 verisimile
762 1562 807 1628 fit.
853 1565 896 1628 At
916 1568 952 1628 ut
968 1564 1114 1630 videatur
1135 1582 1232 1645 qnam

136 1692 250 1755 parurn
271 1679 419 1739 constans
449 1672 506 1737 sibi
530 1673 573 1738 eit
598 1675 719 1750 auctor,
751 1690 769 1737 e
796 1673 954 1737 contraria
978 1679 1070 1753 parte
1090 1672 1238 1745 adfertur

134 1782 322 1847 adiectivum
354 1787 487 1860 solidam,
518 1781 601 1861 quod
628 1798 685 1861 per
713 1803 767 1860 pao
803 1799 874 1845 curn
907 1782 1038 1846 diversis
1071 1782 1236 1848 adieetivis

138 1894 339 1959 coniunctum
361 1896 409 1956 est
432 1909 482 1972 ep.
504 1890 555 1971 56,
580 1891 627 1955 11.
650 1908 698 1972 ep.
723 1891 773 1972 72,
794 1890 823 1954 5.
844 1909 892 1971 ep.
915 1890 965 1971 95,
989 1891 1037 1957 15.
1060 1891 1101 1956 (11.
1115 1892 1159 1956 IV
1174 1893 1236 1973 ·15‚

137 2002 164 2067 1.
187 2001 216 2067 (1.
240 2001 270 2069 b.
293 2001 337 2066 lV
360 2001 388 2081 5,
409 2003 438 2064 2.
461 1999 694 2080 perocsemel
715 1997 743 2063 (1.
765 1999 794 2064 b.
817 1999 880 2064 VII
902 2001 952 2079 26,
977 2002 1006 2065 3.

233 2135 265 2192 D
287 2145 411 2209 queque
429 2127 603 2208 particulae
623 2149 656 2192 ac
676 2124 783 2192 favere
804 2125 852 2191 his
873 2127 951 2192 locis
967 2128 1154 2210 conligitur:
1177 2137 1232 2194 da·

135 2261 202 2303 ram
220 2261 254 2303 ae
274 2242 394 2315 difficile
415 2253 458 2317 ep.
481 2238 531 2315 20,
560 2228 613 2300 13.ι
631 2253 679 2318 ep.
703 2237 752 2314 66,
777 2236 825 2301 15.
848 2254 895 2316 ep.
918 2237 968 2318 90,
993 2239 1041 2302 15.
1065 2243 1235 2303 detestabile

135 2370 171 2412 ac
192 2352 290 2412 diram
310 2366 357 2428 ep.
383 2347 452 2425 114,
477 2347 527 2410 24.
546 2400 551 2409 ,
571 2351 695 2410 diuersis
720 2368 754 2410 ac
775 2350 982 2411 dissidentibus
1012 2347 1042 2412 d.
1071 2345 1102 2411 b.
1125 2346 1233 2428 1129,

136 2458 165 2522 2.
208 2463 364 2521 distentam
386 2464 515 2520 uentrem
534 2478 570 2520 ac
589 2460 736 2519 desuetam
761 2461 821 2518 iera
849 2460 958 2519 aeatrts
983 2459 1087 2532 officio.
1111 2473 1161 2536 ep.¹
1179 2455 1234 2537 47,

127 2568 165 2631 ,2.
210 2565 265 2631 His
285 2565 369 2645 qnod
391 2582 547 2646 opponam
579 2563 734 2646 repetitae
766 2562 892 2628 litterae
925 2570 946 2628 d
968 2565 1148 2646 exemplum
1170 2583 1235 2630 non

134 2675 245 2742 habeo.
293 2675 336 2740 At
357 2675 496 2755 quinque
517 2673 645 2754 insuper
672 2674 748 2738 lacis
778 2671 860 2736 idem
889 2672 1077 2739 adiectivum
1113 2679 1235 2752 dispicite

135 2784 187 2849 alii
210 2785 364 2850 adiectivo
386 2802 444 2864 per
464 2807 499 2850 ac
521 2785 705 2850 adiunctum
734 2784 797 2849 vidi
827 2803 874 2866 ep.
899 2786 969 2864 111,
990 2786 1020 2870 4.
1050 2786 1158 2863 (11111
1180 2775 1253 2868 23,

135 2896 165 2958 4.
187 2895 228 2960 (11.
251 2894 297 2958 lll
319 2897 350 2973 2,
372 2894 401 2960 7.
424 2894 452 2960 d.
475 2895 559 2960 lan
583 2895 681 2970 17,·7.
704 2893 733 2960 (1.
756 2894 784 2960 b.
807 2895 853 2960 Vl
874 2896 926 2977 43,
948 2897 976 2960 1.

232 3029 314 3094 Item
337 3028 472 3094 iteratae
485 3053 506 3108 p
519 3028 645 3094 litterae
661 3029 814 3109 exemplis
828 3027 955 3109 probari
970 3028 1102 3108 videtur,
1122 3045 1234 3111 quam·

133 3153 229 3217 quarn
251 3154 325 3218 pars
348 3153 456 3200 eorum
478 3159 532 3216 qao
553 3137 709 3218 particula
735 3137 865 3216 insignis
887 3141 947 3216 est,
976 3137 1073 3204 aliam
1095 3137 1159 3202 alia
1180 3138 1232 3205 lit·

134 3249 236 3310 teram
258 3244 431 3324 gratiorem
454 3262 520 3310 esse
542 3244 674 3310 vociac.
715 3245 777 3311 Illa
800 3245 882 3309 enim
905 3244 953 3310 his
976 3245 1051 3311 locis
1072 3245 1191 3329 legitur

202 3378 331 3446 publicae
343 3377 497 3446 privatoep.
519 3394 600 3433 carae
624 3377 723 3432 (11.111
749 3382 773 3447 l,
803 3382 844 3433 11.
885 3380 1037 3450 propiorem
1050 3379 1232 3451 planioreap.

203 3490 246 3544 ep.
266 3476 310 3542 33,
331 3476 372 3527 11.
405 3475 563 3544 proficienti
576 3480 727 3545 provectae.
747 3494 790 3546 ep.
810 3478 853 3546 35,
872 3479 898 3532 4.
931 3477 1058 3548 perditae
1074 3478 1146 3534 uitam
1160 3478 1235 3563 pegi·

206 3575 311 3640 taraeq.
330 3588 373 3640 ep.
392 3571 437 3639 48,
455 3571 480 3624 8.
530 3570 753 3639 prudentissimis
775 3573 938 3642 piissimtsp.
964 3573 1059 3634 (11.111
1087 3563 1156 3643 7,'4.
1203 3578 1234 3629 at

99 3657 101 3661 '
204 3667 272 3726 haee
292 3667 346 3723 his:
362 3666 505 3735 priuatam
527 3683 560 3722 aa
579 3667 720 3736 patticam
739 3669 775 3723 di.
794 3669 807 3722 Ι
827 3671 852 3738 5,
879 3675 903 3724 7.
924 3671 949 3724 d.
970 3671 997 3724 b.
1019 3669 1031 3722 I
1052 3671 1096 3739 10,
1116 3671 1140 3724 2.
1159 3670 1187 3726 d.
1206 3672 1234 3727 b.

206 3763 244 3819 IV
261 3765 287 3826 4,
303 3765 328 3818 2.
362 3763 502 3832 parram
520 3780 553 3819 aa
569 3763 712 3833 privatam
730 3765 768 3819 di.
788 3765 814 3819 lI
832 3769 874 3835 18,
894 3769 917 3823 3.
960 3768 1104 3837 potentias
1124 3783 1157 3823 ac
1170 3783 1235 3837 pre·

206 3860 305 3916 tiosias
324 3878 365 3930 ep.
383 3862 426 3929 65,
446 3862 489 3914 23.
524 3861 672 3930 propriam
690 3879 721 3918 aa
735 3863 874 3933 peculiare
894 3882 936 3935 ep.
959 3867 1018 3934 122,
1038 3867 1063 3919 9.
1102 3864 1182 3935 prior
1201 3880 1234 3920 ac

202 3956 296 4026 potior
314 3959 341 4012 (1.
360 3957 386 4012 b.
406 3956 456 4012 Vll
477 3961 519 4027 19,
538 3959 563 4012 9.
595 3959 705 4029 placidi
723 3975 754 4015 ac
772 3960 892 4031 propitii
909 3961 936 4017 d.
954 3962 982 4016 b.
1000 3960 1049 4015 vll
1072 3965 1113 4030 31,
1132 3964 1158 4015 4.

233 4079 302 4144 lam
325 4098 399 4146 vern
419 4089 456 4146 ut
478 4080 523 4146 eis
545 4082 598 4161 qui
626 4082 657 4146 in
679 4087 832 4148 concentu
854 4084 1027 4164 primarum
1051 4085 1231 4153 litterarum

135 4193 332 4254 momentum
359 4196 480 4271 ponant
505 4207 635 4270 prorsus
662 4209 750 4257 error
771 4193 939 4273 eximatur,
965 4194 993 4259 ei
1016 4202 1234 4276 preponantur

134 4296 194 4362 loci
214 4299 268 4364 ubi
289 4299 353 4364 due
367 4299 523 4366 adiectiva
537 4300 587 4366 vel
610 4309 646 4367 ut
668 4303 745 4367 haec
767 4305 796 4368 in
812 4322 939 4368 censum
961 4303 1136 4386 adsumam,
1158 4323 1231 4388 par·
