2746 4724
153 555 212 620 pro
233 544 351 639 ideoque
369 542 554 620 usurpatum
576 539 688 622 accipit
709 520 752 604 di.
773 537 821 603 ΙΙΙ
844 539 893 618 12,
921 538 941 602 5
967 543 1001 602 lo
1024 543 1117 602 amia
1140 541 1240 602 oblici-

150 654 243 713 oeilur
264 646 337 730 (ira)
362 647 496 713 Martem
514 671 575 713 ease
596 670 773 714 eonmcocem
792 655 925 727 conoque
944 655 977 712 in
995 651 1124 712 oliorum
1139 655 1241 725 polee·

151 766 245 836 tatem,
278 763 348 822 dom
368 764 401 821 ia
431 780 487 822 cua
516 780 575 822 oon
595 767 646 822 eet.
692 757 779 821 Idem
802 755 1006 822 metuendum
1039 758 1088 820 est
1109 753 1139 818 d.
1164 753 1240 819 cl.l

65 937 67 940 ,
150 865 199 943 19,
221 866 251 929 3.
272 865 303 930 (1.
324 863 354 930 b.
375 862 493 944 11127,
516 866 545 929 3.
562 865 604 931 di.
626 865 676 930 XI
698 864 746 945 17,
768 867 799 929 2.

253 974 301 1040 Ad
334 977 529 1054 postremum
549 992 606 1054 per
638 997 693 1054 que
715 973 890 1039 sententias
911 972 1040 1052 adiungi
1067 970 1144 1034 nihil
1168 970 1241 1034 novi

149 1082 357 1168 designanter,
380 1077 439 1150 sed'
455 1084 646 1165 explicantes
668 1083 772 1165 priora
785 1080 883 1146 verba
905 1079 982 1145 nihil
1007 1078 1160 1160 estquod
1181 1078 1240 1141 mi·
1348 1166 1351 1171 4

148 1209 263 1270 remur,
287 1212 357 1258 curn
380 1194 425 1259 ita
444 1196 608 1275 tamquam
623 1191 839 1259 communione
857 1207 967 1256 sensus
988 1189 1152 1255 coniuncta
1174 1187 1241 1254 vin-

148 1301 280 1366 ciantur.
336 1302 425 1368 Lieei
458 1320 533 1384 ergo
559 1301 620 1367 duo
648 1305 775 1367 tantum
803 1317 885 1366 nunc
911 1299 1093 1380 depromere
1122 1295 1240 1378 possim

147 1410 242 1476 huius
263 1428 339 1477 usus
358 1412 512 1493 exempla,
535 1416 720 1498 nontamen
743 1409 792 1476 hie
813 1426 887 1476 eum
902 1407 1038 1474 coerceri
1059 1410 1145 1489 puto.
1174 1404 1241 1472 Nee

149 1519 297 1585 credibile
316 1519 393 1584 mihi
415 1520 550 1601 videtur,
572 1520 656 1603 quod
677 1521 858 1601 Draegerun
878 1538 908 1600 p.
930 1519 971 1582 42
995 1516 1126 1583 testium
1147 1514 1241 1581 silen-

148 1627 192 1694 tio
220 1627 320 1694 fretus
340 1627 505 1712 significat,
531 1629 610 1694 talia
633 1629 797 1696 enuntiata
817 1646 879 1694 non
901 1626 1031 1692 inveniri
1053 1614 1136 1708 apud
1159 1623 1244 1690 Cice·

148 1755 266 1803 ronem.
299 1736 435 1804 Senecae
456 1737 580 1818 quidem
602 1738 698 1805 verba
720 1738 778 1803 hoc
800 1737 892 1801 modo
914 1734 1095 1817 accipienda
1117 1738 1193 1799 aunt
1211 1733 1242 1799 d.

149 1846 179 1911 b.
192 1846 225 1912 Π
244 1846 295 1926 31,
318 1849 337 1911 2
359 1855 411 1927 qui
431 1854 599 1926 beneficium
620 1855 680 1924 dui,
702 1852 775 1926 quid
791 1851 956 1926 proponit?
976 1851 1115 1924 prodesse
1135 1850 1171 1926 ei,
1194 1851 1242 1908 cui

149 1960 201 2020 dui
218 1965 246 2021 et
265 1948 407 2036 colopardi
420 1978 496 2028 'essa
541 1962 575 2022 Si
598 1961 676 2035 qood
696 1960 900 2032 voluit-effecit
920 1959 1110 2033 pervenitque
1137 1957 1179 2016 ad
1197 1974 1243 2016 me

148 2068 267 2126 uniones
292 2068 355 2128 mue
380 2085 414 2128 uc
442 2071 541 2127 mutuo
567 2066 676 2142 perodio
702 2065 821 2142 adfecit,
844 2067 910 2125 tolo
938 2065 1016 2139 qood
1029 2067 1119 2140 petiit
1143 2062 1176 2124 et
1195 2077 1243 2142 ep.

151 2170 201 2247 63,
234 2171 274 2234 16
300 2177 328 2235 ai
351 2178 438 2238 modo
458 2176 529 2236 aaa
549 2177 725 2250 sapientiora
743 2173 826 2246 famu
848 2178 891 2234 esi
907 2175 1068 2250 recipitque
1088 2191 1142 2234 coe
1161 2174 1243 2235 ἰοαιε

149 2284 268 2359 eliquia.

248 2660 388 2727 Tandem
404 2660 451 2752 ,ad
478 2661 571 2728 finem
602 2662 803 2752 pervenimus
825 2662 1007 2730 iamdudum
1035 2662 1094 2736 ¹tibi
1116 2664 1246 2744 exopta·

150 2772 219 2834 turn
240 2767 363 2835 defesso
384 2770 415 2833 ni
437 2768 531 2836 fallor
545 2770 649 2836 taedio
673 2790 711 2838 ae
731 2770 849 2837 labore.
881 2771 961 2834 Fore
981 2776 1017 2836 ut
1040 2771 1139 2834 multa
1157 2768 1246 2835 male

150 2880 274 2956 omissa,
297 2876 397 2942 multa
419 2876 552 2961 inutilia,
575 2878 675 2949 mulla
696 2876 776 2943 falsa
796 2877 923 2955 iudices,
945 2895 1002 2960 pro
1025 2880 1110 2944 certo
1132 2877 1242 2943 habeo.

151 2988 256 3068 Atque
276 2986 355 3052 adeo
378 3001 488 3050 vereor
509 3002 549 3050 ne
575 2985 682 3052 omnia
708 2987 874 3052 videantur
894 2984 998 3052 iutilia
1026 2992 1122 3068 atque
1152 3004 1240 3068 sper-

151 3096 266 3162 nenda.
287 3095 342 3161 Sin
361 3084 453 3159 aliter
471 3095 648 3176 contigerit,
672 3094 732 3160 hac
752 3095 878 3178 quidem
899 3096 931 3160 in
952 3114 988 3161 re
1007 3096 1100 3162 valde
1116 3112 1168 3161 me
1189 3096 1241 3162 de-

150 3205 302 3270 lectatum
325 3205 363 3270 iri
384 3220 489 3270 errore
512 3223 580 3270 meo
604 3205 738 3286 ingenue
760 3203 918 3271 confiteor.
