<?xml version="1.0" encoding="UTF-8"?>
<!DOCTYPE html PUBLIC "-//W3C//DTD XHTML 1.0 Transitional//EN"
    "http://www.w3.org/TR/xhtml1/DTD/xhtml1-transitional.dtd">
<html xmlns="http://www.w3.org/1999/xhtml" xml:lang="en" lang="en">
 <head>
  <title>
</title>
<meta http-equiv="Content-Type" content="text/html;charset=utf-8" />
  <meta name='ocr-system' content='tesseract 3.04.00' />
  <meta name='ocr-capabilities' content='ocr_page ocr_carea ocr_par ocr_line ocrx_word'/>
</head>
<body>
  <div class='ocr_page' id='page_1' title='image "./animadversiones00klamgoog_0069.png"; bbox 0 0 2746 4724; ppageno 0'>
   <div class='ocr_carea' id='block_1_1' title="bbox 485 248 716 378">
    <p class='ocr_par' dir='ltr' id='par_1_1' title="bbox 485 248 716 378">
     <span class='ocr_line' id='line_1_1' title="bbox 485 248 716 378; baseline 0 0"><span class='ocrx_word' id='word_1_1' title='bbox 485 248 716 378; x_wconf 75' lang='lat' dir='ltr'> a·</span> 
     </span>
    </p>
   </div>
   <div class='ocr_carea' id='block_1_2' title="bbox 61 461 1265 1438">
    <p class='ocr_par' dir='ltr' id='par_1_2' title="bbox 61 461 1265 1438">
     <span class='ocr_line' id='line_1_2' title="bbox 145 461 1241 558; baseline -0.005 -17"><span class='ocrx_word' id='word_1_2' title='bbox 145 476 235 555; x_wconf 89' lang='lat' dir='ltr'>ditis,</span> <span class='ocrx_word' id='word_1_3' title='bbox 268 476 300 541; x_wconf 91' lang='lat' dir='ltr'>in</span> <span class='ocrx_word' id='word_1_4' title='bbox 330 475 444 558; x_wconf 89' lang='lat' dir='ltr'>quibus</span> <span class='ocrx_word' id='word_1_5' title='bbox 480 461 627 556; x_wconf 79' lang='lat' dir='ltr'>frequens</span> <span class='ocrx_word' id='word_1_6' title='bbox 662 473 747 556; x_wconf 91' lang='lat' dir='ltr'>apud</span> <span class='ocrx_word' id='word_1_7' title='bbox 779 471 928 539; x_wconf 80' lang='lat' dir='ltr'><strong>Senecam</strong></span> <span class='ocrx_word' id='word_1_8' title='bbox 968 472 1045 539; x_wconf 92' lang='lat' dir='ltr'>baec</span> <span class='ocrx_word' id='word_1_9' title='bbox 1081 470 1241 555; x_wconf 79' lang='lat' dir='ltr'>copulatio</span> 
     </span>
     <span class='ocr_line' id='line_1_3' title="bbox 142 581 1265 666; baseline -0.004 -17"><span class='ocrx_word' id='word_1_10' title='bbox 142 587 200 663; x_wconf 86' lang='lat' dir='ltr'>est,</span> <span class='ocrx_word' id='word_1_11' title='bbox 237 603 313 650; x_wconf 89' lang='lat' dir='ltr'>rara</span> <span class='ocrx_word' id='word_1_12' title='bbox 344 602 401 666; x_wconf 90' lang='lat' dir='ltr'>per</span> <span class='ocrx_word' id='word_1_13' title='bbox 433 607 478 661; x_wconf 85' lang='lat' dir='ltr'>ae,</span> <span class='ocrx_word' id='word_1_14' title='bbox 511 583 597 654; x_wconf 89' lang='lat' dir='ltr'>nulla</span> <span class='ocrx_word' id='word_1_15' title='bbox 629 599 685 666; x_wconf 88' lang='lat' dir='ltr'>per</span> <span class='ocrx_word' id='word_1_16' title='bbox 716 592 817 663; x_wconf 59' lang='lat' dir='ltr'>atqua</span> <span class='ocrx_word' id='word_1_17' title='bbox 849 600 923 646; x_wconf 88' lang='lat' dir='ltr'>nam</span> <span class='ocrx_word' id='word_1_18' title='bbox 955 582 984 649; x_wconf 89' lang='lat' dir='ltr'>d.</span> <span class='ocrx_word' id='word_1_19' title='bbox 1016 581 1046 648; x_wconf 94' lang='lat' dir='ltr'>b.</span> <span class='ocrx_word' id='word_1_20' title='bbox 1077 583 1123 649; x_wconf 89' lang='lat' dir='ltr'>IV</span> <span class='ocrx_word' id='word_1_21' title='bbox 1148 582 1197 662; x_wconf 84' lang='lat'>12,</span> <span class='ocrx_word' id='word_1_22' title='bbox 1218 582 1265 646; x_wconf 86' lang='lat'>3·</span> 
     </span>
     <span class='ocr_line' id='line_1_4' title="bbox 141 689 1241 776; baseline 0.001 -19"><span class='ocrx_word' id='word_1_23' title='bbox 141 692 196 776; x_wconf 85' lang='lat' dir='ltr'>qui</span> <span class='ocrx_word' id='word_1_24' title='bbox 226 690 396 758; x_wconf 83' lang='lat' dir='ltr'>Nazariani</span> <span class='ocrx_word' id='word_1_25' title='bbox 432 692 596 758; x_wconf 90' lang='lat' dir='ltr'>lectionem</span> <span class='ocrx_word' id='word_1_26' title='bbox 623 701 708 772; x_wconf 78' lang='lat' dir='ltr'>atque</span> <span class='ocrx_word' id='word_1_27' title='bbox 738 689 928 770; x_wconf 85' lang='lat' dir='ltr'>defenderat,</span> <span class='ocrx_word' id='word_1_28' title='bbox 963 709 1055 757; x_wconf 90' lang='lat' dir='ltr'>nemo</span> <span class='ocrx_word' id='word_1_29' title='bbox 1091 691 1241 758; x_wconf 85' lang='lat' dir='ltr'>inventus</span> 
     </span>
     <span class='ocr_line' id='line_1_5' title="bbox 141 799 1241 868; baseline -0.001 -2"><span class='ocrx_word' id='word_1_30' title='bbox 141 804 200 868; x_wconf 81' lang='lat' dir='ltr'>est.</span> <span class='ocrx_word' id='word_1_31' title='bbox 263 800 336 866; x_wconf 82' lang='lat' dir='ltr'>Sine</span> <span class='ocrx_word' id='word_1_32' title='bbox 379 799 472 866; x_wconf 80' lang='lat' dir='ltr'>dubio</span> <span class='ocrx_word' id='word_1_33' title='bbox 516 807 717 866; x_wconf 73' lang='lat' dir='ltr'>Tusculanam</span> <span class='ocrx_word' id='word_1_34' title='bbox 766 810 833 864; x_wconf 84' lang='lat' dir='ltr'>aul</span> <span class='ocrx_word' id='word_1_35' title='bbox 870 805 1058 866; x_wconf 67' lang='lat' dir='ltr'>Tiburtinum</span> <span class='ocrx_word' id='word_1_36' title='bbox 1103 799 1241 866; x_wconf 80' lang='lat' dir='ltr'>scriben-</span> 
     </span>
     <span class='ocr_line' id='line_1_6' title="bbox 141 909 1242 989; baseline 0 -15"><span class='ocrx_word' id='word_1_37' title='bbox 141 909 216 975; x_wconf 91' lang='lat' dir='ltr'>dum</span> <span class='ocrx_word' id='word_1_38' title='bbox 238 915 295 975; x_wconf 90' lang='lat' dir='ltr'>est.</span> <span class='ocrx_word' id='word_1_39' title='bbox 340 909 454 977; x_wconf 77' lang='lat' dir='ltr'>Cetera</span> <span class='ocrx_word' id='word_1_40' title='bbox 475 927 550 975; x_wconf 89' lang='lat' dir='ltr'>vero</span> <span class='ocrx_word' id='word_1_41' title='bbox 564 909 608 975; x_wconf 93' lang='lat' dir='ltr'>ibi</span> <span class='ocrx_word' id='word_1_42' title='bbox 629 910 762 974; x_wconf 87' lang='lat' dir='ltr'>multam</span> <span class='ocrx_word' id='word_1_43' title='bbox 782 913 910 974; x_wconf 92' lang='lat' dir='ltr'>movent</span> <span class='ocrx_word' id='word_1_44' title='bbox 931 909 1169 989; x_wconf 80' lang='lat' dir='ltr'>dubitationem,</span> <span class='ocrx_word' id='word_1_45' title='bbox 1199 909 1242 974; x_wconf 89' lang='lat' dir='ltr'>de</span> 
     </span>
     <span class='ocr_line' id='line_1_7' title="bbox 140 1017 1237 1103; baseline 0.004 -20"><span class='ocrx_word' id='word_1_46' title='bbox 140 1019 254 1101; x_wconf 85' lang='lat' dir='ltr'>quibua</span> <span class='ocrx_word' id='word_1_47' title='bbox 276 1020 352 1101; x_wconf 87' lang='lat' dir='ltr'>quid</span> <span class='ocrx_word' id='word_1_48' title='bbox 373 1017 548 1086; x_wconf 89' lang='lat' dir='ltr'>iudicemus</span> <span class='ocrx_word' id='word_1_49' title='bbox 571 1039 642 1085; x_wconf 92' lang='lat' dir='ltr'>cum</span> <span class='ocrx_word' id='word_1_50' title='bbox 670 1021 893 1103; x_wconf 80' lang='lat' dir='ltr'>disputationis</span> <span class='ocrx_word' id='word_1_51' title='bbox 919 1040 1014 1088; x_wconf 88' lang='lat' dir='ltr'>cursu</span> <span class='ocrx_word' id='word_1_52' title='bbox 1033 1021 1065 1085; x_wconf 94' lang='lat' dir='ltr'>iu</span> <span class='ocrx_word' id='word_1_53' title='bbox 1086 1021 1171 1086; x_wconf 95' lang='lat' dir='ltr'>hunc</span> <span class='ocrx_word' id='word_1_54' title='bbox 1190 1021 1237 1087; x_wconf 88' lang='lat' dir='ltr'>lo·</span> 
     </span>
     <span class='ocr_line' id='line_1_8' title="bbox 140 1127 1238 1212; baseline 0 -18"><span class='ocrx_word' id='word_1_55' title='bbox 140 1146 210 1194; x_wconf 92' lang='lat' dir='ltr'>curn</span> <span class='ocrx_word' id='word_1_56' title='bbox 232 1128 329 1194; x_wconf 91' lang='lat' dir='ltr'>delati</span> <span class='ocrx_word' id='word_1_57' title='bbox 350 1129 458 1206; x_wconf 87' lang='lat' dir='ltr'>simus,</span> <span class='ocrx_word' id='word_1_58' title='bbox 475 1129 570 1194; x_wconf 91' lang='lat' dir='ltr'>liceat</span> <span class='ocrx_word' id='word_1_59' title='bbox 584 1127 735 1210; x_wconf 83' lang='lat' dir='ltr'>proferne.</span> <span class='ocrx_word' id='word_1_60' title='bbox 779 1130 879 1195; x_wconf 80' lang='lat' dir='ltr'>Docet</span> <span class='ocrx_word' id='word_1_61' title='bbox 893 1131 991 1212; x_wconf 83' lang='lat' dir='ltr'>igitur</span> <span class='ocrx_word' id='word_1_62' title='bbox 1005 1129 1123 1195; x_wconf 83' lang='lat' dir='ltr'>Seneca</span> <span class='ocrx_word' id='word_1_63' title='bbox 1144 1128 1238 1194; x_wconf 90' lang='lat' dir='ltr'>bene-</span> 
     </span>
     <span class='ocr_line' id='line_1_9' title="bbox 61 1235 1239 1327; baseline 0.001 -27"><span class='ocrx_word' id='word_1_64' title='bbox 61 1316 66 1327; x_wconf 18' lang='lat'><strong>}</strong></span> <span class='ocrx_word' id='word_1_65' title='bbox 139 1235 210 1301; x_wconf 91' lang='lat' dir='ltr'>ficia</span> <span class='ocrx_word' id='word_1_66' title='bbox 232 1237 336 1302; x_wconf 90' lang='lat' dir='ltr'>danda</span> <span class='ocrx_word' id='word_1_67' title='bbox 358 1254 428 1303; x_wconf 90' lang='lat' dir='ltr'>esse</span> <span class='ocrx_word' id='word_1_68' title='bbox 439 1241 560 1302; x_wconf 90' lang='lat' dir='ltr'>remoto</span> <span class='ocrx_word' id='word_1_69' title='bbox 582 1237 728 1302; x_wconf 90' lang='lat' dir='ltr'>utilitatis</span> <span class='ocrx_word' id='word_1_70' title='bbox 739 1243 893 1320; x_wconf 87' lang='lat' dir='ltr'>respecto,</span> <span class='ocrx_word' id='word_1_71' title='bbox 916 1239 991 1320; x_wconf 90' lang='lat' dir='ltr'>quin</span> <span class='ocrx_word' id='word_1_72' title='bbox 1013 1236 1239 1303; x_wconf 89' lang='lat' dir='ltr'>etiamdamna</span> 
     </span>
     <span class='ocr_line' id='line_1_10' title="bbox 139 1345 1237 1438; baseline 0.001 -27"><span class='ocrx_word' id='word_1_73' title='bbox 139 1364 175 1411; x_wconf 91' lang='lat' dir='ltr'>ac</span> <span class='ocrx_word' id='word_1_74' title='bbox 196 1345 335 1428; x_wconf 88' lang='lat' dir='ltr'>pericula</span> <span class='ocrx_word' id='word_1_75' title='bbox 358 1346 530 1426; x_wconf 85' lang='lat' dir='ltr'>subeunda,</span> <span class='ocrx_word' id='word_1_76' title='bbox 554 1353 591 1413; x_wconf 92' lang='lat' dir='ltr'>ut</span> <span class='ocrx_word' id='word_1_77' title='bbox 612 1346 761 1413; x_wconf 87' lang='lat' dir='ltr'>beneficia</span> <span class='ocrx_word' id='word_1_78' title='bbox 783 1349 858 1438; x_wconf 88' lang='lat' dir='ltr'>dare</span> <span class='ocrx_word' id='word_1_79' title='bbox 880 1349 1044 1429; x_wconf 91' lang='lat' dir='ltr'>possimus.</span> <span class='ocrx_word' id='word_1_80' title='bbox 1085 1347 1167 1411; x_wconf 82' lang='lat' dir='ltr'>Turn</span> <span class='ocrx_word' id='word_1_81' title='bbox 1189 1349 1237 1413; x_wconf 91' lang='lat' dir='ltr'>ita</span> 
     </span>
    </p>
   </div>
   <div class='ocr_carea' id='block_1_3' title="bbox 27 1456 1238 1550">
    <p class='ocr_par' dir='ltr' id='par_1_3' title="bbox 27 1456 1238 1550">
     <span class='ocr_line' id='line_1_11' title="bbox 27 1456 1238 1550; baseline 0.001 -29"><span class='ocrx_word' id='word_1_82' title='bbox 27 1542 30 1549; x_wconf 25' lang='grc' dir='ltr'><strong><em>Ι</em></strong></span> <span class='ocrx_word' id='word_1_83' title='bbox 138 1456 451 1550; x_wconf 69' lang='lat' dir='ltr'>progrediturNcrrw</span> <span class='ocrx_word' id='word_1_84' title='bbox 476 1462 673 1522; x_wconf 78' lang='lat' dir='ltr'>Tusculanum</span> <span class='ocrx_word' id='word_1_85' title='bbox 699 1468 751 1523; x_wconf 85' lang='lat' dir='ltr'>out</span> <span class='ocrx_word' id='word_1_86' title='bbox 779 1464 966 1523; x_wconf 77' lang='lat' dir='ltr'>Tiburtinum</span> <span class='ocrx_word' id='word_1_87' title='bbox 995 1466 1161 1536; x_wconf 80' lang='lat' dir='ltr'>paraturus</span> <span class='ocrx_word' id='word_1_88' title='bbox 1189 1478 1238 1522; x_wconf 83' lang='lat' dir='ltr'>aa·</span> 
     </span>
    </p>
   </div>
   <div class='ocr_carea' id='block_1_4' title="bbox 133 1570 1238 1770">
    <p class='ocr_par' dir='ltr' id='par_1_4' title="bbox 133 1570 1238 1770">
     <span class='ocr_line' id='line_1_12' title="bbox 137 1570 1238 1646; baseline 0.002 -16"><span class='ocrx_word' id='word_1_89' title='bbox 137 1570 287 1631; x_wconf 75' lang='lat' dir='ltr'>lubrttatla</span> <span class='ocrx_word' id='word_1_90' title='bbox 309 1588 399 1631; x_wconf 82' lang='lat' dir='ltr'>causo</span> <span class='ocrx_word' id='word_1_91' title='bbox 417 1576 445 1630; x_wconf 85' lang='lat' dir='ltr'>et</span> <span class='ocrx_word' id='word_1_92' title='bbox 464 1574 568 1631; x_wconf 64' lang='lat' dir='ltr'>centua?</span> <span class='ocrx_word' id='word_1_93' title='bbox 587 1589 724 1644; x_wconf 80' lang='lat' dir='ltr'>secessus,</span> <span class='ocrx_word' id='word_1_94' title='bbox 747 1575 832 1646; x_wconf 80' lang='lat' dir='ltr'>quoto</span> <span class='ocrx_word' id='word_1_95' title='bbox 854 1590 931 1632; x_wconf 77' lang='lat' dir='ltr'>aaran</span> <span class='ocrx_word' id='word_1_96' title='bbox 944 1576 1096 1646; x_wconf 81' lang='lat' dir='ltr'>empturus</span> <span class='ocrx_word' id='word_1_97' title='bbox 1116 1573 1156 1631; x_wconf 82' lang='lat' dir='ltr'>sit</span> <span class='ocrx_word' id='word_1_98' title='bbox 1177 1571 1238 1632; x_wconf 64' lang='lat' dir='ltr'>dis-</span> 
     </span>
     <span class='ocr_line' id='line_1_13' title="bbox 133 1675 1238 1770; baseline 0.001 -31"><span class='ocrx_word' id='word_1_99' title='bbox 133 1683 237 1754; x_wconf 59' lang='lat' dir='ltr'>putat·</span> <span class='ocrx_word' id='word_1_100' title='bbox 259 1698 324 1740; x_wconf 81' lang='lat' dir='ltr'>cum</span> <span class='ocrx_word' id='word_1_101' title='bbox 345 1681 402 1739; x_wconf 79' lang='lat' dir='ltr'>erit</span> <span class='ocrx_word' id='word_1_102' title='bbox 418 1679 556 1740; x_wconf 79' lang='lat' dir='ltr'>luendum</span> <span class='ocrx_word' id='word_1_103' title='bbox 583 1685 635 1756; x_wconf 74' lang='lat' dir='ltr'>eat.</span> <span class='ocrx_word' id='word_1_104' title='bbox 690 1675 738 1741; x_wconf 83' lang='lat' dir='ltr'>De</span> <span class='ocrx_word' id='word_1_105' title='bbox 770 1675 873 1742; x_wconf 87' lang='lat' dir='ltr'>verbis</span> <span class='ocrx_word' id='word_1_106' title='bbox 905 1685 989 1770; x_wconf 80' lang='lat' dir='ltr'>quoto</span> <span class='ocrx_word' id='word_1_107' title='bbox 1022 1698 1099 1740; x_wconf 78' lang='lat' dir='ltr'>auno</span> <span class='ocrx_word' id='word_1_108' title='bbox 1129 1691 1238 1740; x_wconf 83' lang='lat' dir='ltr'>veram</span> 
     </span>
    </p>
   </div>
   <div class='ocr_carea' id='block_1_5' title="bbox 140 1783 1364 1877">
    <p class='ocr_par' dir='ltr' id='par_1_5' title="bbox 140 1783 1364 1877">
     <span class='ocr_line' id='line_1_14' title="bbox 140 1783 1364 1877; baseline 0.001 -29"><span class='ocrx_word' id='word_1_109' title='bbox 140 1783 329 1849; x_wconf 86' lang='lat' dir='ltr'>sententiam</span> <span class='ocrx_word' id='word_1_110' title='bbox 349 1784 518 1866; x_wconf 88' lang='lat' dir='ltr'>protulisse</span> <span class='ocrx_word' id='word_1_111' title='bbox 540 1784 665 1851; x_wconf 85' lang='lat' dir='ltr'>videtur</span> <span class='ocrx_word' id='word_1_112' title='bbox 680 1783 836 1850; x_wconf 86' lang='lat' dir='ltr'>Gertzius.</span> <span class='ocrx_word' id='word_1_113' title='bbox 887 1783 1054 1850; x_wconf 87' lang='lat' dir='ltr'>Postrema</span> <span class='ocrx_word' id='word_1_114' title='bbox 1077 1801 1151 1850; x_wconf 80' lang='lat' dir='ltr'>uero</span> <span class='ocrx_word' id='word_1_115' title='bbox 1173 1801 1239 1849; x_wconf 80' lang='lat' dir='ltr'>cum</span> <span class='ocrx_word' id='word_1_116' title='bbox 1361 1872 1364 1877; x_wconf 10' lang='grc' dir='ltr'><em>Α</em></span> 
     </span>
    </p>
   </div>
   <div class='ocr_carea' id='block_1_6' title="bbox 117 1893 1238 4032">
    <p class='ocr_par' dir='ltr' id='par_1_6' title="bbox 117 1893 1238 3487">
     <span class='ocr_line' id='line_1_15' title="bbox 138 1893 1237 1975; baseline -0.002 -17"><span class='ocrx_word' id='word_1_117' title='bbox 138 1900 194 1958; x_wconf 76' lang='lat' dir='ltr'>erit</span> <span class='ocrx_word' id='word_1_118' title='bbox 217 1899 355 1958; x_wconf 79' lang='lat' dir='ltr'>tuendum</span> <span class='ocrx_word' id='word_1_119' title='bbox 377 1903 419 1958; x_wconf 80' lang='lat' dir='ltr'>est</span> <span class='ocrx_word' id='word_1_120' title='bbox 440 1893 619 1959; x_wconf 85' lang='lat' dir='ltr'>nibiliesse¹</span> <span class='ocrx_word' id='word_1_121' title='bbox 640 1894 772 1975; x_wconf 85' lang='lat' dir='ltr'>quisque</span> <span class='ocrx_word' id='word_1_122' title='bbox 795 1894 888 1960; x_wconf 86' lang='lat' dir='ltr'>videt.</span> <span class='ocrx_word' id='word_1_123' title='bbox 933 1894 999 1960; x_wconf 90' lang='lat' dir='ltr'>Nec</span> <span class='ocrx_word' id='word_1_124' title='bbox 1021 1894 1126 1959; x_wconf 89' lang='lat' dir='ltr'>minus</span> <span class='ocrx_word' id='word_1_125' title='bbox 1160 1910 1194 1956; x_wconf 87' lang='lat' dir='ltr'>re</span> <span class='ocrx_word' id='word_1_126' title='bbox 1217 1911 1237 1957; x_wconf 89' lang='lat' dir='ltr'>a</span> 
     </span>
     <span class='ocr_line' id='line_1_16' title="bbox 138 2001 1237 2084; baseline -0.001 -17"><span class='ocrx_word' id='word_1_127' title='bbox 138 2001 248 2068; x_wconf 87' lang='lat' dir='ltr'>abesse</span> <span class='ocrx_word' id='word_1_128' title='bbox 280 2003 441 2084; x_wconf 86' lang='lat' dir='ltr'>volgatam</span> <span class='ocrx_word' id='word_1_129' title='bbox 472 2002 636 2067; x_wconf 88' lang='lat' dir='ltr'>lectionem</span> <span class='ocrx_word' id='word_1_130' title='bbox 678 2026 744 2068; x_wconf 85' lang='lat' dir='ltr'>cam</span> <span class='ocrx_word' id='word_1_131' title='bbox 768 2010 884 2083; x_wconf 74' lang='lat' dir='ltr'>small,</span> <span class='ocrx_word' id='word_1_132' title='bbox 910 2009 1050 2069; x_wconf 81' lang='lat' dir='ltr'>tueudma</span> <span class='ocrx_word' id='word_1_133' title='bbox 1081 2011 1124 2069; x_wconf 81' lang='lat' dir='ltr'>act</span> <span class='ocrx_word' id='word_1_134' title='bbox 1153 2001 1237 2067; x_wconf 89' lang='lat' dir='ltr'>idem</span> 
     </span>
     <span class='ocr_line' id='line_1_17' title="bbox 139 2110 1236 2192; baseline -0.002 -16"><span class='ocrx_word' id='word_1_135' title='bbox 139 2110 286 2177; x_wconf 83' lang='lat' dir='ltr'>Gertzius</span> <span class='ocrx_word' id='word_1_136' title='bbox 307 2118 393 2177; x_wconf 86' lang='lat' dir='ltr'>recte</span> <span class='ocrx_word' id='word_1_137' title='bbox 415 2112 573 2190; x_wconf 81' lang='lat' dir='ltr'>iudicauit,</span> <span class='ocrx_word' id='word_1_138' title='bbox 596 2112 652 2178; x_wconf 90' lang='lat' dir='ltr'>sed</span> <span class='ocrx_word' id='word_1_139' title='bbox 676 2129 771 2192; x_wconf 89' lang='lat' dir='ltr'>quarn</span> <span class='ocrx_word' id='word_1_140' title='bbox 791 2113 857 2192; x_wconf 88' lang='lat' dir='ltr'>ipse</span> <span class='ocrx_word' id='word_1_141' title='bbox 881 2112 1002 2178; x_wconf 90' lang='lat' dir='ltr'>incerta</span> <span class='ocrx_word' id='word_1_142' title='bbox 1022 2115 1059 2178; x_wconf 88' lang='lat' dir='ltr'>ut</span> <span class='ocrx_word' id='word_1_143' title='bbox 1081 2111 1156 2177; x_wconf 90' lang='lat' dir='ltr'>dicit</span> <span class='ocrx_word' id='word_1_144' title='bbox 1176 2110 1236 2175; x_wconf 89' lang='lat' dir='ltr'>ba-</span> 
     </span>
     <span class='ocr_line' id='line_1_18' title="bbox 138 2221 1236 2303; baseline 0.001 -17"><span class='ocrx_word' id='word_1_145' title='bbox 138 2221 305 2287; x_wconf 90' lang='lat' dir='ltr'>riolatione</span> <span class='ocrx_word' id='word_1_146' title='bbox 340 2221 486 2303; x_wconf 86' lang='lat' dir='ltr'>proponit</span> <span class='ocrx_word' id='word_1_147' title='bbox 518 2221 770 2287; x_wconf 90' lang='lat' dir='ltr'>emendationem</span> <span class='ocrx_word' id='word_1_148' title='bbox 796 2230 846 2287; x_wconf 79' lang='lat' dir='ltr'>aul</span> <span class='ocrx_word' id='word_1_149' title='bbox 875 2231 975 2302; x_wconf 82' lang='lat' dir='ltr'>meret,</span> <span class='ocrx_word' id='word_1_150' title='bbox 1004 2227 1038 2287; x_wconf 77' lang='lat' dir='ltr'>ad</span> <span class='ocrx_word' id='word_1_151' title='bbox 1063 2229 1236 2289; x_wconf 70' lang='lat' dir='ltr'>carmadas</span> 
     </span>
     <span class='ocr_line' id='line_1_19' title="bbox 138 2328 1234 2413; baseline -0.001 -18"><span class='ocrx_word' id='word_1_152' title='bbox 138 2338 181 2395; x_wconf 82' lang='lat' dir='ltr'>cat</span> <span class='ocrx_word' id='word_1_153' title='bbox 205 2329 332 2395; x_wconf 93' lang='lat' dir='ltr'>minime</span> <span class='ocrx_word' id='word_1_154' title='bbox 363 2329 469 2411; x_wconf 88' lang='lat' dir='ltr'>placet</span> <span class='ocrx_word' id='word_1_155' title='bbox 501 2349 558 2396; x_wconf 90' lang='lat' dir='ltr'>uec</span> <span class='ocrx_word' id='word_1_156' title='bbox 583 2328 847 2410; x_wconf 90' lang='lat' dir='ltr'>quemadmodum</span> <span class='ocrx_word' id='word_1_157' title='bbox 879 2348 916 2395; x_wconf 93' lang='lat' dir='ltr'>ea</span> <span class='ocrx_word' id='word_1_158' title='bbox 947 2329 1160 2413; x_wconf 83' lang='lat' dir='ltr'>intellegenda</span> <span class='ocrx_word' id='word_1_159' title='bbox 1191 2329 1234 2395; x_wconf 92' lang='lat' dir='ltr'>sit</span> 
     </span>
     <span class='ocr_line' id='line_1_20' title="bbox 137 2437 1237 2520; baseline 0.003 -18"><span class='ocrx_word' id='word_1_160' title='bbox 137 2437 196 2503; x_wconf 95' lang='lat' dir='ltr'>nisi</span> <span class='ocrx_word' id='word_1_161' title='bbox 219 2439 273 2518; x_wconf 93' lang='lat' dir='ltr'>qui</span> <span class='ocrx_word' id='word_1_162' title='bbox 294 2438 395 2518; x_wconf 90' lang='lat' dir='ltr'>ipsius</span> <span class='ocrx_word' id='word_1_163' title='bbox 415 2439 708 2520; x_wconf 84' lang='lat' dir='ltr'>interpretationem</span> <span class='ocrx_word' id='word_1_164' title='bbox 730 2439 845 2519; x_wconf 84' lang='lat' dir='ltr'>legerit</span> <span class='ocrx_word' id='word_1_165' title='bbox 872 2439 1033 2504; x_wconf 90' lang='lat' dir='ltr'>divinabit.</span> <span class='ocrx_word' id='word_1_166' title='bbox 1094 2439 1167 2505; x_wconf 84' lang='lat' dir='ltr'>Lux</span> <span class='ocrx_word' id='word_1_167' title='bbox 1186 2438 1237 2505; x_wconf 91' lang='lat' dir='ltr'>his</span> 
     </span>
     <span class='ocr_line' id='line_1_21' title="bbox 136 2544 1237 2631; baseline 0.003 -19"><span class='ocrx_word' id='word_1_168' title='bbox 136 2544 279 2629; x_wconf 82' lang='lat' dir='ltr'>adlulget</span> <span class='ocrx_word' id='word_1_169' title='bbox 301 2567 341 2612; x_wconf 90' lang='lat' dir='ltr'>ex</span> <span class='ocrx_word' id='word_1_170' title='bbox 361 2547 526 2628; x_wconf 85' lang='lat' dir='ltr'>prioribus.</span> <span class='ocrx_word' id='word_1_171' title='bbox 581 2549 625 2614; x_wconf 90' lang='lat' dir='ltr'>Ut</span> <span class='ocrx_word' id='word_1_172' title='bbox 645 2549 727 2613; x_wconf 94' lang='lat' dir='ltr'>enim</span> <span class='ocrx_word' id='word_1_173' title='bbox 759 2549 790 2612; x_wconf 94' lang='lat' dir='ltr'>in</span> <span class='ocrx_word' id='word_1_174' title='bbox 822 2546 934 2614; x_wconf 91' lang='lat' dir='ltr'>dandis</span> <span class='ocrx_word' id='word_1_175' title='bbox 966 2547 1127 2615; x_wconf 90' lang='lat' dir='ltr'>beneficiis</span> <span class='ocrx_word' id='word_1_176' title='bbox 1160 2548 1237 2631; x_wconf 80' lang='lat' dir='ltr'>quiid</span> 
     </span>
     <span class='ocr_line' id='line_1_22' title="bbox 137 2653 1238 2740; baseline 0.005 -21"><span class='ocrx_word' id='word_1_177' title='bbox 137 2653 272 2722; x_wconf 87' lang='lat' dir='ltr'>reddant</span> <span class='ocrx_word' id='word_1_178' title='bbox 292 2674 445 2736; x_wconf 90' lang='lat' dir='ltr'>quaerere</span> <span class='ocrx_word' id='word_1_179' title='bbox 465 2675 527 2723; x_wconf 94' lang='lat' dir='ltr'>non</span> <span class='ocrx_word' id='word_1_180' title='bbox 543 2657 702 2735; x_wconf 86' lang='lat' dir='ltr'>debemus,</span> <span class='ocrx_word' id='word_1_181' title='bbox 725 2658 769 2723; x_wconf 88' lang='lat' dir='ltr'>sic</span> <span class='ocrx_word' id='word_1_182' title='bbox 785 2659 839 2738; x_wconf 88' lang='lat' dir='ltr'>qui</span> <span class='ocrx_word' id='word_1_183' title='bbox 855 2658 1020 2740; x_wconf 89' lang='lat' dir='ltr'>praedium</span> <span class='ocrx_word' id='word_1_184' title='bbox 1038 2657 1238 2724; x_wconf 85' lang='lat' dir='ltr'>salubritatis</span> 
     </span>
     <span class='ocr_line' id='line_1_23' title="bbox 140 2766 1237 2859; baseline 0.005 -28"><span class='ocrx_word' id='word_1_185' title='bbox 140 2769 173 2831; x_wconf 93' lang='lat' dir='ltr'>et</span> <span class='ocrx_word' id='word_1_186' title='bbox 192 2783 333 2839; x_wconf 84' lang='lat' dir='ltr'>recessus</span> <span class='ocrx_word' id='word_1_187' title='bbox 355 2784 451 2832; x_wconf 87' lang='lat' dir='ltr'>causa</span> <span class='ocrx_word' id='word_1_188' title='bbox 473 2768 550 2832; x_wconf 88' lang='lat' dir='ltr'>emit</span> <span class='ocrx_word' id='word_1_189' title='bbox 575 2766 712 2832; x_wconf 89' lang='lat' dir='ltr'>reditum</span> <span class='ocrx_word' id='word_1_190' title='bbox 734 2766 854 2846; x_wconf 89' lang='lat' dir='ltr'>praedii</span> <span class='ocrx_word' id='word_1_191' title='bbox 881 2785 943 2832; x_wconf 91' lang='lat' dir='ltr'>nou</span> <span class='ocrx_word' id='word_1_192' title='bbox 965 2776 1071 2847; x_wconf 84' lang='lat' dir='ltr'>curat3</span> <span class='ocrx_word' id='word_1_193' title='bbox 1100 2769 1154 2834; x_wconf 90' lang='lat' dir='ltr'>sed</span> <span class='ocrx_word' id='word_1_194' title='bbox 1176 2773 1237 2859; x_wconf 18' lang='lat' dir='ltr'>&#39;qui</span> 
     </span>
     <span class='ocr_line' id='line_1_24' title="bbox 136 2872 1234 2960; baseline 0.005 -20"><span class='ocrx_word' id='word_1_195' title='bbox 136 2872 320 2940; x_wconf 89' lang='lat' dir='ltr'>beneficium</span> <span class='ocrx_word' id='word_1_196' title='bbox 347 2873 404 2940; x_wconf 89' lang='lat' dir='ltr'>dat</span> <span class='ocrx_word' id='word_1_197' title='bbox 430 2873 508 2939; x_wconf 91' lang='lat' dir='ltr'>nihil</span> <span class='ocrx_word' id='word_1_198' title='bbox 540 2875 627 2940; x_wconf 89' lang='lat' dir='ltr'>aliud</span> <span class='ocrx_word' id='word_1_199' title='bbox 653 2880 743 2940; x_wconf 89' lang='lat' dir='ltr'>curat</span> <span class='ocrx_word' id='word_1_200' title='bbox 767 2893 863 2957; x_wconf 89' lang='lat' dir='ltr'>quam</span> <span class='ocrx_word' id='word_1_201' title='bbox 893 2881 930 2939; x_wconf 94' lang='lat' dir='ltr'>ut</span> <span class='ocrx_word' id='word_1_202' title='bbox 959 2873 1141 2943; x_wconf 84' lang='lat' dir='ltr'>beneficium</span> <span class='ocrx_word' id='word_1_203' title='bbox 1168 2877 1234 2960; x_wconf 88' lang='lat' dir='ltr'>det,</span> 
     </span>
     <span class='ocr_line' id='line_1_25' title="bbox 138 2982 1235 3068; baseline 0.007 -22"><span class='ocrx_word' id='word_1_204' title='bbox 138 2983 191 3063; x_wconf 90' lang='lat' dir='ltr'>qui</span> <span class='ocrx_word' id='word_1_205' title='bbox 212 2982 375 3065; x_wconf 88' lang='lat' dir='ltr'>praedium</span> <span class='ocrx_word' id='word_1_206' title='bbox 398 2984 474 3048; x_wconf 93' lang='lat' dir='ltr'>emit</span> <span class='ocrx_word' id='word_1_207' title='bbox 497 2984 595 3049; x_wconf 91' lang='lat' dir='ltr'>solam</span> <span class='ocrx_word' id='word_1_208' title='bbox 624 2984 844 3049; x_wconf 85' lang='lat' dir='ltr'>salubritatem</span> <span class='ocrx_word' id='word_1_209' title='bbox 868 2990 899 3050; x_wconf 85' lang='lat' dir='ltr'>et</span> <span class='ocrx_word' id='word_1_210' title='bbox 918 3002 1073 3052; x_wconf 89' lang='lat' dir='ltr'>recessum</span> <span class='ocrx_word' id='word_1_211' title='bbox 1095 2986 1235 3068; x_wconf 90' lang='lat' dir='ltr'>respicit.</span> 
     </span>
     <span class='ocr_line' id='line_1_26' title="bbox 117 3091 1236 3172; baseline 0.006 -16"><span class='ocrx_word' id='word_1_212' title='bbox 117 3093 244 3172; x_wconf 86' lang='lat' dir='ltr'>·Atque</span> <span class='ocrx_word' id='word_1_213' title='bbox 271 3091 343 3159; x_wconf 91' lang='lat' dir='ltr'>huic</span> <span class='ocrx_word' id='word_1_214' title='bbox 365 3093 538 3158; x_wconf 89' lang='lat' dir='ltr'>sententiae</span> <span class='ocrx_word' id='word_1_215' title='bbox 569 3094 732 3159; x_wconf 84' lang='lat' dir='ltr'>inventum</span> <span class='ocrx_word' id='word_1_216' title='bbox 766 3098 909 3160; x_wconf 91' lang='lat' dir='ltr'>nostrum</span> <span class='ocrx_word' id='word_1_217' title='bbox 929 3094 988 3160; x_wconf 93' lang='lat' dir='ltr'>hoc</span> <span class='ocrx_word' id='word_1_218' title='bbox 1010 3118 1064 3160; x_wconf 84' lang='lat' dir='ltr'>cur</span> <span class='ocrx_word' id='word_1_219' title='bbox 1092 3104 1169 3161; x_wconf 74' lang='lat' dir='ltr'>moal</span> <span class='ocrx_word' id='word_1_220' title='bbox 1188 3103 1236 3163; x_wconf 81' lang='lat' dir='ltr'>tu·</span> 
     </span>
     <span class='ocr_line' id='line_1_27' title="bbox 138 3201 1234 3285; baseline 0.005 -20"><span class='ocrx_word' id='word_1_221' title='bbox 138 3209 275 3267; x_wconf 71' lang='lat' dir='ltr'>amodum</span> <span class='ocrx_word' id='word_1_222' title='bbox 295 3211 337 3268; x_wconf 81' lang='lat' dir='ltr'>eal</span> <span class='ocrx_word' id='word_1_223' title='bbox 357 3206 468 3285; x_wconf 90' lang='lat' dir='ltr'>aptum</span> <span class='ocrx_word' id='word_1_224' title='bbox 491 3208 649 3284; x_wconf 80' lang='lat' dir='ltr'>putamus</span> <span class='ocrx_word' id='word_1_225' title='bbox 702 3201 767 3268; x_wconf 88' lang='lat' dir='ltr'>Nec</span> <span class='ocrx_word' id='word_1_226' title='bbox 800 3202 979 3268; x_wconf 90' lang='lat' dir='ltr'>dubitarem</span> <span class='ocrx_word' id='word_1_227' title='bbox 1001 3204 1125 3271; x_wconf 88' lang='lat' dir='ltr'>adicere</span> <span class='ocrx_word' id='word_1_228' title='bbox 1151 3229 1234 3271; x_wconf 81' lang='lat' dir='ltr'>aare·</span> 
     </span>
     <span class='ocr_line' id='line_1_28' title="bbox 137 3310 1235 3392; baseline 0.006 -19"><span class='ocrx_word' id='word_1_229' title='bbox 137 3317 230 3374; x_wconf 77' lang='lat' dir='ltr'>matla</span> <span class='ocrx_word' id='word_1_230' title='bbox 256 3329 276 3374; x_wconf 92' lang='lat' dir='ltr'>a</span> <span class='ocrx_word' id='word_1_231' title='bbox 297 3317 420 3375; x_wconf 71' lang='lat' dir='ltr'>amerit</span> <span class='ocrx_word' id='word_1_232' title='bbox 452 3310 518 3376; x_wconf 88' lang='lat' dir='ltr'>iere</span> <span class='ocrx_word' id='word_1_233' title='bbox 541 3310 618 3376; x_wconf 92' lang='lat' dir='ltr'>nihil</span> <span class='ocrx_word' id='word_1_234' title='bbox 645 3312 706 3377; x_wconf 91' lang='lat' dir='ltr'>nisi</span> <span class='ocrx_word' id='word_1_235' title='bbox 732 3312 933 3392; x_wconf 86' lang='lat' dir='ltr'>transpositis</span> <span class='ocrx_word' id='word_1_236' title='bbox 957 3311 1069 3376; x_wconf 88' lang='lat' dir='ltr'>litteris</span> <span class='ocrx_word' id='word_1_237' title='bbox 1096 3310 1235 3392; x_wconf 83' lang='lat' dir='ltr'>differre,</span> 
     </span>
     <span class='ocr_line' id='line_1_29' title="bbox 137 3417 1151 3487; baseline 0.004 -4"><span class='ocrx_word' id='word_1_238' title='bbox 137 3417 197 3483; x_wconf 91' lang='lat' dir='ltr'>nisi</span> <span class='ocrx_word' id='word_1_239' title='bbox 218 3437 343 3484; x_wconf 88' lang='lat' dir='ltr'>vererer</span> <span class='ocrx_word' id='word_1_240' title='bbox 364 3437 403 3484; x_wconf 90' lang='lat' dir='ltr'>ne</span> <span class='ocrx_word' id='word_1_241' title='bbox 422 3420 607 3486; x_wconf 89' lang='lat' dir='ltr'>arcessitum</span> <span class='ocrx_word' id='word_1_242' title='bbox 628 3419 687 3486; x_wconf 92' lang='lat' dir='ltr'>hoc</span> <span class='ocrx_word' id='word_1_243' title='bbox 709 3425 741 3486; x_wconf 90' lang='lat' dir='ltr'>et</span> <span class='ocrx_word' id='word_1_244' title='bbox 759 3417 963 3487; x_wconf 86' lang='lat' dir='ltr'>artificiosum</span> <span class='ocrx_word' id='word_1_245' title='bbox 982 3421 1151 3487; x_wconf 83' lang='lat' dir='ltr'>videretur.</span> 
     </span>
    </p>

    <p class='ocr_par' dir='ltr' id='par_1_7' title="bbox 135 3525 1232 4032">
     <span class='ocr_line' id='line_1_30' title="bbox 238 3525 1232 3613; baseline 0.003 -19"><span class='ocrx_word' id='word_1_246' title='bbox 238 3525 356 3594; x_wconf 81' lang='lat' dir='ltr'>Contra</span> <span class='ocrx_word' id='word_1_247' title='bbox 388 3528 586 3593; x_wconf 91' lang='lat' dir='ltr'>hauddubie</span> <span class='ocrx_word' id='word_1_248' title='bbox 607 3537 635 3594; x_wconf 83' lang='lat' dir='ltr'>et</span> <span class='ocrx_word' id='word_1_249' title='bbox 658 3544 715 3610; x_wconf 94' lang='lat' dir='ltr'>pro</span> <span class='ocrx_word' id='word_1_250' title='bbox 744 3529 912 3608; x_wconf 71' lang='lat' dir='ltr'>estquod</span> <span class='ocrx_word' id='word_1_251' title='bbox 938 3529 1069 3613; x_wconf 86' lang='lat' dir='ltr'>praebet</span> <span class='ocrx_word' id='word_1_252' title='bbox 1092 3529 1131 3609; x_wconf 89' lang='lat' dir='ltr'>N,</span> <span class='ocrx_word' id='word_1_253' title='bbox 1153 3532 1232 3599; x_wconf 90' lang='lat' dir='ltr'>scri-</span> 
     </span>
     <span class='ocr_line' id='line_1_31' title="bbox 139 3636 1232 3720; baseline 0.005 -18"><span class='ocrx_word' id='word_1_254' title='bbox 139 3636 275 3703; x_wconf 85' lang='lat' dir='ltr'>bendum</span> <span class='ocrx_word' id='word_1_255' title='bbox 298 3644 346 3704; x_wconf 85' lang='lat' dir='ltr'>est</span> <span class='ocrx_word' id='word_1_256' title='bbox 368 3637 398 3702; x_wconf 92' lang='lat' dir='ltr'>d.</span> <span class='ocrx_word' id='word_1_257' title='bbox 419 3637 508 3704; x_wconf 84' lang='lat' dir='ltr'>bvi</span> <span class='ocrx_word' id='word_1_258' title='bbox 533 3639 562 3717; x_wconf 82' lang='lat'>6,</span> <span class='ocrx_word' id='word_1_259' title='bbox 587 3638 603 3702; x_wconf 94' lang='grc'>1</span> <span class='ocrx_word' id='word_1_260' title='bbox 627 3644 691 3703; x_wconf 79' lang='lat' dir='ltr'>licet</span> <span class='ocrx_word' id='word_1_261' title='bbox 704 3644 778 3704; x_wconf 76' lang='lat' dir='ltr'>mibi</span> <span class='ocrx_word' id='word_1_262' title='bbox 790 3646 868 3703; x_wconf 79' lang='lat' dir='ltr'>later</span> <span class='ocrx_word' id='word_1_263' title='bbox 889 3662 920 3704; x_wconf 84' lang='lat' dir='ltr'>se</span> <span class='ocrx_word' id='word_1_264' title='bbox 933 3662 1113 3720; x_wconf 78' lang='lat' dir='ltr'>coruporarc,</span> <span class='ocrx_word' id='word_1_265' title='bbox 1136 3664 1232 3720; x_wconf 76' lang='lat' dir='ltr'>quau-</span> 
     </span>
     <span class='ocr_line' id='line_1_32' title="bbox 137 3745 1231 3832; baseline 0.005 -22"><span class='ocrx_word' id='word_1_266' title='bbox 137 3755 198 3812; x_wconf 81' lang='lat' dir='ltr'>tum</span> <span class='ocrx_word' id='word_1_267' title='bbox 216 3745 365 3827; x_wconf 78' lang='lat' dir='ltr'>profuerit</span> <span class='ocrx_word' id='word_1_268' title='bbox 384 3753 458 3811; x_wconf 74' lang='lat' dir='ltr'>nudi</span> <span class='ocrx_word' id='word_1_269' title='bbox 477 3754 598 3827; x_wconf 64' lang='lat' dir='ltr'>qumque</span> <span class='ocrx_word' id='word_1_270' title='bbox 627 3756 654 3811; x_wconf 85' lang='lat' dir='ltr'>ct</span> <span class='ocrx_word' id='word_1_271' title='bbox 676 3756 817 3828; x_wconf 78' lang='lat' dir='ltr'>quautam</span> <span class='ocrx_word' id='word_1_272' title='bbox 836 3755 977 3826; x_wconf 72' lang='lat' dir='ltr'>nomast,</span> <span class='ocrx_word' id='word_1_273' title='bbox 1011 3766 1082 3814; x_wconf 86' lang='lat' dir='ltr'>cum</span> <span class='ocrx_word' id='word_1_274' title='bbox 1105 3767 1231 3832; x_wconf 86' lang='lat' dir='ltr'>compa-</span> 
     </span>
     <span class='ocr_line' id='line_1_33' title="bbox 137 3854 1229 3927; baseline 0.002 -7"><span class='ocrx_word' id='word_1_275' title='bbox 137 3859 247 3920; x_wconf 89' lang='lat' dir='ltr'>rentur</span> <span class='ocrx_word' id='word_1_276' title='bbox 269 3854 351 3921; x_wconf 91' lang='lat' dir='ltr'>inter</span> <span class='ocrx_word' id='word_1_277' title='bbox 372 3874 407 3922; x_wconf 91' lang='lat' dir='ltr'>se</span> <span class='ocrx_word' id='word_1_278' title='bbox 429 3874 493 3921; x_wconf 94' lang='lat' dir='ltr'>una</span> <span class='ocrx_word' id='word_1_279' title='bbox 513 3865 541 3920; x_wconf 84' lang='lat' dir='ltr'>et</span> <span class='ocrx_word' id='word_1_280' title='bbox 562 3855 665 3921; x_wconf 88' lang='lat' dir='ltr'>altera</span> <span class='ocrx_word' id='word_1_281' title='bbox 683 3874 743 3921; x_wconf 87' lang='lat' dir='ltr'>res.</span> <span class='ocrx_word' id='word_1_282' title='bbox 794 3854 940 3922; x_wconf 84' lang='lat' dir='ltr'>Gertzius</span> <span class='ocrx_word' id='word_1_283' title='bbox 961 3857 1002 3925; x_wconf 85' lang='lat' dir='ltr'>ad</span> <span class='ocrx_word' id='word_1_284' title='bbox 1024 3857 1105 3923; x_wconf 88' lang='lat' dir='ltr'>bunc</span> <span class='ocrx_word' id='word_1_285' title='bbox 1126 3859 1229 3927; x_wconf 88' lang='lat' dir='ltr'>locum</span> 
     </span>
     <span class='ocr_line' id='line_1_34' title="bbox 135 3956 325 4032; baseline -0.005 0"><span class='ocrx_word' id='word_1_286' title='bbox 135 3963 254 4032; x_wconf 78' lang='lat' dir='ltr'>‘maulim</span> <span class='ocrx_word' id='word_1_287' title='bbox 276 3956 325 4032; x_wconf 82' lang='lat' dir='ltr'>el’.</span> 
     </span>
    </p>
   </div>
   <div class='ocr_carea' id='block_1_7' title="bbox 0 0 1378 4724">
    <p class='ocr_par' dir='ltr' id='par_1_8' title="bbox 0 0 1378 4724">
     <span class='ocr_line' id='line_1_35' title="bbox 0 0 1378 4724; baseline 0 0"><span class='ocrx_word' id='word_1_288' title='bbox 0 0 1378 4724; x_wconf 95' lang='lat' dir='ltr'> </span> 
     </span>
    </p>
   </div>
  </div>
 </body>
</html>
