2746 4724
675 259 717 327 64

150 457 306 540 attendas,
347 459 449 540 ipsum
482 455 657 538 sapientem
688 473 781 521 vaces
813 453 1043 520 adsectatorem
1072 447 1245 532 sapientiae

151 584 247 649 quam
267 563 485 649 imperfectum
508 564 611 630 adhuc
633 568 666 628 ct
685 561 867 630 discentem.
910 560 1028 628 Contra
1051 558 1102 641 qui
1125 557 1245 643 aliquid

150 675 274 744 efficere
295 676 345 740 vel
364 675 421 741 sibi
437 692 551 756 parcre
571 677 712 752 conatur,
734 671 911 737 adsectator
930 675 1016 736 recte
1037 668 1169 767 dicetur7
1192 686 1244 734 re·

149 788 199 853 lut
220 786 305 866 apud
326 783 553 861 Quintilianum
576 788 740 860 adfectator
761 789 845 860 reem·
860 779 889 843 V
906 780 954 860 13,
976 780 1026 844 24.
1047 784 1244 856 adfectatores

149 902 292 963 11551555
313 893 470 973 11516.
492 899 573 957 mres
596 897 761 969 adfectator
781 891 826 954 VI
850 891 879 974 3,
901 891 930 955 3.
973 889 1084 955 Nescio
1105 905 1181 971 ergo
1203 906 1245 952 55

151 1023 199 1085 55.
222 1003 262 1068 65
285 1019 410 1083 quoquc
432 999 630 1066 scribendum
654 1000 697 1066 sit
717 1004 935 1078 adsectatorque
955 1004 1126 1078 5551551155,

230 1106 313 1177 'Sed
345 1111 511 1177 redeamus
543 1108 582 1173 ad
608 1109 815 1192 propositum.
859 1106 1024 1174 Interdum
1053 1125 1105 1173 res
1135 1090 1244 1186 aliqua

149 1225 413 1287 commemoratur
445 1221 478 1285 et
510 1216 623 1284 deinde
653 1234 789 1298 persona
821 1216 871 1281 cui
902 1215 1018 1298 aliquid
1040 1215 1173 1282 rationis
1195 1219 1245 1281 est

150 1328 419 1407 mmmm

220 1454 294 1495 amma
324 1435 510 1508 temperantiq.
528 1453 631 1491 ammam
654 1435 702 1492 dcc
727 1453 769 1506 55.
790 1435 833 1505 73,
845 1437 870 1490 6.
905 1436 1023 1490 meacm
1045 1439 1158 1505 rectem.
1182 1435 1244 1490 551-

218 1535 291 1590 ccrsi
308 1534 373 1589 deme
391 1532 428 1586 di.
446 1533 498 1589 VII
515 1535 541 1603 8,
559 1534 584 1588 4.
622 1533 731 1597 ,dirimi
748 1533 897 1602 5155115555.
917 1532 1030 1590 circam
1054 1533 1092 1588 di.
1115 1532 1155 1589 IX
1171 1532 1198 1602 4,
1218 1534 1243 1588 1.

218 1630 380 1685 medicinam
395 1630 511 1699 1555155.
531 1628 676 1684 medeatcm
695 1628 722 1682 d.
740 1628 774 1685 cl.
796 1627 809 1681 I
829 1628 913 1698 17,1.
958 1628 1068 1686 taccam
1091 1629 1246 1700 5551551155

220 1729 396 1795 ieemteresq.
416 1743 458 1795 ep.
478 1727 521 1795 64,
540 1727 564 1780 7.

253 1826 331 1890 Rem
358 1804 470 1889 deinde
496 1824 639 1902 sequitur
660 1823 778 1889 mentio
805 1840 912 1888 rerum
934 1823 975 1888 cd
996 1841 1068 1890 eam
1087 1822 1243 1905 pertinen·

152 1936 231 2001 tium
252 1933 338 2001 hisce
359 1932 453 1998 locis:

220 2044 336 2099 virtutes
354 2057 446 2110 esmaq.
464 2040 597 2096 uirtutum
615 2057 658 2111 55.
676 2041 720 2109 95,
739 2040 783 2095 58.
836 2055 851 2094 5
869 2045 944 2096 terra
961 2041 1101 2111 terreaisq.
1119 2039 1246 2096 ommim

215 2153 285 2211 pars
303 2137 417 2193 tumida
435 2135 545 2205 effictum
563 2154 589 2190 n.
609 2152 634 2205 q.
647 2135 674 2190 ΙΙ
693 2136 778 2204 54,1.
813 2136 937 2206 corporis
949 2151 1065 2205 rcremq.
1084 2135 1245 2205 5555551-

217 2233 366 2302 ficientium
384 2232 502 2289 varietas
520 2232 557 2287 di.
578 2231 630 2287 VH
651 2233 694 2301 15,
713 2234 737 2286 4.
773 2232 907 2287 levitatem
925 2247 1006 2286 casas
1017 2247 1132 2303 rermmq.
1150 2247 1244 2288 casum

220 2330 390 2402 sequentiam⁴
409 2347 452 2400 ep.
471 2331 506 2384 98
525 2331 550 2384 4.
585 2329 708 2399 corporis
735 2328 779 2383 sai
794 2328 1016 2400 pertimentimmq.
1036 2328 1074 2384 ad
1087 2329 1118 2383 id
1135 2329 1246 2384 cariosa

218 2443 274 2483 555
292 2427 376 2483 ammte
393 2425 500 2497 (mensi
537 2425 643 2494 Quibus
661 2428 730 2482 locis
749 2427 858 2482 accedit
877 2445 903 2480 n.
923 2443 949 2496 q.
968 2426 1024 2497 12,
1043 2428 1068 2482 7.

252 2525 369 2608 Agitur
400 2525 442 2591 ibi
471 2527 510 2592 de
544 2526 665 2593 coronis
695 2545 776 2609 quae
808 2527 890 2594 circa
921 2526 1024 2593 sidera
1056 2525 1245 2592 formantur.

148 2634 253 2718 Atque
276 2634 310 2700 in
337 2636 524 2718 explicanda
549 2626 645 2701 causa
672 2653 728 2701 cur
757 2635 886 2702 turbato
912 2654 985 2702 acre
1007 2655 1068 2703 non
1089 2636 1241 2716 oriantur,

148 2744 244 2810 simili
279 2745 416 2824 quodam
451 2745 551 2811 utitur
584 2747 727 2828 scriptor.
785 2744 955 2827 Lapidibus
991 2746 1074 2811 enim
1106 2745 1180 2812 dicit
1211 2745 1245 2810 in

149 2871 265 2936 aquam
283 2858 421 2919 stantem
444 2857 476 2917 51
497 2853 638 2920 clausam
658 2854 795 2921 inmissis
815 2855 948 2922 circulos
971 2855 1073 2935 nasci,
1101 2854 1243 2921 ubi-vero

151 2967 259 3028 currat
280 2979 364 3043 aqua
385 2964 418 3028 51
439 2962 470 3026 15
491 2960 568 3044 fuga
590 2961 631 3028 sit
652 2963 830 3029 disturbari.
874 2963 955 3029 Tum
977 2967 1023 3030 ita
1042 2965 1147 3048 pergit
1166 2969 1244 3029 1155

149 3094 217 3153 erqo
229 3078 263 3136 15
283 3094 350 3137 aere
372 3079 474 3148 555511,
494 3081 527 3137 51
546 3078 596 3137 ille
616 3079 789 3153 5111555551,
808 3079 904 3153 poss-a
916 3079 1060 3156 fiparam'3
1084 3084 1116 3139 at
1129 3079 1179 3140 illc
1192 3080 1245 3154 qm·

148 3187 269 3259 raptae
301 3189 329 3246 et
359 3188 465 3260 currit,
503 3204 562 3246 acm
593 3188 646 3248 dat
676 3188 725 3247 sai
753 3188 924 3260 facultatem
955 3193 983 3248 et
1014 3206 1125 3249 onmem
1155 3191 1244 3248 ictum

148 3296 361 3369 venientemque
379 3295 507 3367 formam
528 3297 672 3357 5515νό51.
716 3290 765 3356 sic
786 3291 912 3374 quidem
932 3310 949 3357 e
971 3291 1076 3359 codice
1096 3292 1123 3356 B
1145 3291 1245 3357 edidit

148 3397 325 3465 Fickertns.
368 3401 412 3464 At
438 3399 532 3480 plura
564 3402 639 3466 sunt
658 3418 740 3481 quae
761 3401 794 3466 in
816 3400 875 3466 hac
896 3402 1054 3483 scriptura
1075 3400 1244 3467 offendant.

150 3506 231 3573 Nam
251 3501 388 3593 primuni
410 3508 536 3590 quidem
553 3508 648 3575 verba
669 3517 882 3590 amicaleche
900 3515 1036 3589 formam,
1058 3529 1121 3577 non
1135 3509 1243 3576 addito

148 3615 233 3681 unde
252 3617 358 3682 veniat
394 3618 448 3683 1115
482 3617 593 3698 farma,
628 3618 801 3700 displicent.
845 3619 926 3685 Tum
957 3639 1018 3688 vcx
1040 3621 1242 3688 5555151551

149 3740 263 3804 parum
290 3729 368 3805 5515
387 3724 528 3807 videtur;
557 3725 678 3791 accedit
699 3726 782 3806 qnod
804 3744 865 3791 nnn
887 3726 1055 3794 verisimile
1075 3732 1126 3795 est
1145 3729 1242 3810 scrip·

149 3835 260 3913 torem,
284 3831 450 3898 verborum
480 3833 608 3900 minime
636 3834 770 3915 inopem,
793 3839 860 3901 tam
885 3837 998 3918 exiguo
1020 3837 1124 3919 spatio
1145 3838 1243 3903 inter·

149 3941 244 4008 misso
263 3941 345 4007 idem
365 3942 515 4009 turbandi
526 3942 657 4009 verbum
677 3944 837 4024 repetisse.
867 3943 973 4030 Atque
994 3946 1062 4028 ipse
1075 3946 1243 4014 Fickertus

149 4050 285 4117 veritate
309 4051 403 4118 huius
425 4052 512 4119 verbi
539 4049 661 4118 diffisus
682 4053 845 4134 proposuit
864 4058 901 4119 ut
925 4054 1114 4124 scriberetur
1131 4055 1244 4124 'cestim

75 4225 77 4230 .
147 4166 222 4243 qm't,
242 4160 326 4243 quod
347 4161 439 4227 nimis
460 4161 617 4228 recedita
638 4161 762 4229 traditis
783 4162 906 4243 litteris,
922 4167 955 4230 et
977 4165 1009 4230 in
1030 4171 1158 4244 feracem
1171 4170 1243 4232 tan·

149 4273 225 4350 tam,
247 4288 309 4337 555
330 4271 484 4364 5555515
505 4280 594 4338 arma
608 4272 754 4357 quadrat.
796 4272 994 4340 Adiuramur
1007 4275 1240 4357 aliquantulum
