2746 4724
675 277 715 340 45

75 533 85 561 s
152 489 208 554 pro
231 482 258 538 te
279 473 403 554 scripsit
424 473 591 553 Hauptius,
613 480 666 538 boc
687 478 793 538 tamen
815 480 851 538 ut
865 474 895 538 in
910 480 967 539 buc
979 477 1120 541 mutetur
1133 492 1241 541 neces-

149 582 267 647 sarium
289 600 351 647 non
372 583 505 647 videtur.

243 731 360 773 sursum
381 732 415 774 66
437 715 573 774 deorsum
594 726 642 787 ep.
661 709 711 787 96,
734 708 762 772 5.
798 706 871 771 dtl
893 710 923 788 5,
946 709 975 772 9.
1007 707 1206 790 di.1X11,1
1232 760 1240 776 .

190 835 220 881 6.
244 836 273 898 q.
296 816 413 897 V121,
435 819 463 882 2.
716 825 721 836 ‘
959 834 962 852 ¹

244 957 362 1000 sursum
383 941 518 1000 deorsum
539 952 586 1014 ep.
607 936 656 1014 44,
680 935 721 1022 42

242 1051 321 1109 uitro
343 1051 472 1123 citroque
493 1062 541 1123 ep.
564 1043 612 1121 72,
637 1043 665 1106 7.
696 1061 726 1107 n.
748 1060 777 1122 q.
800 1043 844 1106 IV
857 1046 884 1121 2,
909 1044 959 1108 29.
993 1062 1023 1108 n.
1035 1062 1066 1123 q.
1079 1044 1122 1109 VI
1147 1046 1194 1129 13,
1210 1048 1238 1111 6.

244 1159 323 1218 ultro
344 1161 416 1218 citro
439 1151 469 1217 d.
490 1152 518 1218 b.
544 1152 569 1215 V
592 1153 639 1232 11,
665 1152 692 1218 l.

244 1279 370 1344 Dictum
389 1282 438 1343 est
453 1278 491 1341 de
506 1276 721 1344 coniunctione
736 1278 870 1344 duorum
884 1278 1112 1363 adverbiorum,
1134 1284 1240 1347 trans·

143 1388 324 1470 grediamur
352 1388 414 1451 iam
446 1388 485 1451 ad
512 1405 565 1451 eos
593 1388 680 1453 locos
702 1389 886 1457 tractandos
908 1390 959 1454 ubi
984 1407 1082 1454 unum
1102 1393 1240 1456 occurrit

147 1497 338 1564 adverbium.

246 1631 329 1691 Adeo
357 1624 456 1706 igitur
481 1643 552 1691 cnm
575 1648 629 1705 666
651 1625 857 1705 compositum
880 1624 1049 1690 identidem
1072 1625 1238 1706 reperitur.

143 1741 284 1815 Ideoque,
318 1736 400 1816 qnod
435 1734 520 1814 apud
543 1733 772 1810 Quintilianum
806 1733 979 1814 legitimum
1013 1753 1082 1800 esse
1104 1734 1237 1813 videtur,

143 1845 259 1928 quippe
291 1846 322 1908 in
349 1843 436 1909 libris
457 1843 486 1906 X
508 1848 540 1906 et
561 1842 607 1907 XI
630 1844 669 1907 28
691 1843 768 1909 locis
788 1849 920 1923 ideoque,
947 1861 1103 1924 nusquam
1126 1854 1153 1909 et
1175 1850 1240 1909 ideo

144 1959 201 2019 aut
232 1965 318 2035 atque
346 1961 411 2019 ideo
446 1953 522 2036 legi,
555 1953 702 2033 frequens
731 1952 856 2034 quidem
889 1959 938 2018 est
965 1953 1050 2034 apud
1076 1953 1240 2033 Senecam,

143 2063 340 2144 frequentius
360 2068 466 2128 tamen
489 2073 516 2127 et
536 2069 611 2139 ideo,
635 2062 718 2140 6666
741 2062 841 2142 ipsum
859 2062 991 2142 exempli
1007 2063 1109 2144 gratia
1122 2062 1153 2125 in
1165 2080 1196 2126 n.
1208 2080 1238 2142 6.

147 2173 184 2237 13
205 2173 292 2250 locis,
315 2177 426 2237 contra
447 2179 565 2251 ideoque
589 2170 697 2236 ilncis
713 2171 821 2235 habes.
853 2170 923 2235 Non
938 2172 1053 2253 legitur
1067 2177 1238 2251 atqueideo,

143 2281 240 2346 semel
273 2285 398 2346 tantum
433 2289 519 2360 utque
553 2288 625 2358 odeo
648 2279 697 2343 di,
711 2278 756 2342 XI
781 2280 850 2357 2,2
879 2285 1238 2358 666666616666616666

143 2397 220 2455 litem
240 2413 333 2454 6666
347 2396 471 2468 focium,
496 2388 549 2452 ubi
571 2398 657 2468 atque
678 2388 848 2453 nonverba
872 2407 940 2453 cum
964 2388 1120 2468 prioribus
1142 2406 1235 2469 copu·
1277 2458 1280 2463 ,

143 2499 202 2578 iat,
230 2498 286 2563 sed
308 2499 393 2564 vocis
415 2505 487 2563 6666
509 2499 572 2562 vim
595 2500 700 2575 auget.
744 2497 933 2578 Necmagis
956 2516 1025 2562 cnm
1048 2506 1133 2576 atque
1154 2514 1235 2563 com·

143 2608 280 2690 positum
311 2606 449 2672 invenies
469 2630 569 2687 6666,
602 2606 651 2670 cui
685 2606 834 2670 adverbio
858 2630 912 2685 666
933 2605 1090 2671 adiectum
1116 2610 1165 2672 est
1188 2604 1236 2670 his

143 2718 219 2782 locis
241 2717 271 2781 d.
292 2717 319 2781 b.
342 2717 389 2783 ΙΙΙ
410 2718 461 2798 38,
484 2719 511 2780 2.
549 2717 578 2781 d.
600 2716 630 2780 b.
652 2715 680 2778 V
705 2716 752 2799 17,
775 2715 801 2778 1.
836 2716 964 2795 di.Vl,
989 2717 1017 2779 1.
1051 2715 1090 2779 di.
1103 2715 1192 2798 V30,
1206 2717 1235 2779 2.

144 2844 173 2891 n.
195 2844 224 2906 6.
245 2825 288 2890 IV
309 2845 356 2908 pr.
379 2828 428 2890 22.
462 2844 492 2889 n.
515 2843 545 2904 q.
567 2824 611 2888 VI
634 2825 683 2906 30,
706 2827 735 2890 4.

245 2951 486 3031 Subsequentnr
508 2969 546 3014 ea
568 2949 716 3017 adverbia
738 2967 820 3029 6666
842 2950 969 3030 saepius
990 2969 1060 3016 cum
1080 2968 1239 3032 compara-

142 3062 207 3126 tivo
229 3060 376 3127 adiectivi
398 3059 500 3142 gradu
522 3059 763 3140 coniunguntur.
807 3059 845 3122 In
868 3077 1002 3138 quorum
1025 3077 1156 3124 numero
1175 3061 1238 3126 tria

142 3176 217 3237 sunt
249 3187 330 3250 quae
362 3174 493 3252 propter
513 3167 650 3232 vocalem
684 3173 740 3230 aut
769 3167 963 3257 gutturalem
991 3191 1025 3233 oc
1046 3169 1235 3248 particulam

144 3284 308 3362 respuunt,
332 3301 364 3344 eo
385 3279 505 3344 scilicet
527 3283 558 3342 et
579 3287 686 3357 quanm
708 3281 817 3355 etque.
862 3276 1002 3341 Eandem
1022 3283 1128 3342 tamen
1143 3295 1238 3344 exeu-

143 3389 297 3456 sationem
330 3406 399 3452 non.
423 3388 596 3453 admittunt
628 3392 717 3450 multo
731 3414 735 3421 ·
750 3389 783 3450 et
815 3393 904 3449 tauto.
948 3386 1062 3464 Itaque
1084 3386 1163 3450 siin
1186 3386 1236 3452 bis

143 3516 267 3579 666666
290 3496 446 3562 adverbiis
468 3515 525 3561 666
547 3519 581 3562 oe
602 3513 659 3560 nec
680 3503 765 3575 atquc
781 3494 946 3572 invenitur,
969 3493 1024 3558 sed
1038 3512 1162 3577 semper
1181 3512 1237 3576 per

142 3630 196 3687 666
221 3605 307 3671 iacta
329 3609 377 3669 est
398 3604 598 3686 compositio,
635 3622 730 3670 causa
752 3604 783 3667 in
808 3603 1019 3684 comparativo
1040 3605 1142 3684 posita
1168 3622 1237 3670 esse

142 3716 275 3782 ridetur.
318 3713 445 3780 Habeas
466 3714 516 3778 hic
539 3718 741 3795 conspectum
765 3712 1008 3805 exemplorum:v
1200 3696 1203 3703 Δ

242 3864 329 3923 eoque
358 3859 406 3920 ep.
426 3840 546 3929 63,·.3.·
569 3839 597 3903 d.
620 3837 649 3903 b.
672 3837 720 3901 ΙΙΙ
745 3837 793 3910 19,
817 3838 847 3900 4.
884 3837 925 3902 di.
949 3838 992 3902 VI
1015 3839 1065 3922 22,
1088 3839 1116 3902 2.
1153 3857 1183 3902 6.
1205 3857 1236 3921 q.

184 3952 286 4033 1154,
309 3953 338 4016 2.
371 3970 402 4016 6.
426 3966 455 4029 6.
479 3948 540 4013 VH
563 3948 590 4028 7,
616 3949 641 4014 1.

119 4128 121 4133 ,
244 4078 309 4143 Nee
342 4078 446 4144 minus
478 4099 564 4157 66666
593 4076 730 4157 positum
766 4080 815 4141 est
847 4074 900 4139 ubi
933 4073 1131 4140 coniunctum
1165 4091 1235 4138 curn

144 4187 240 4253 verbo
271 4187 408 4269 quodam
441 4185 482 4251 ad
510 4185 603 4250 finem
626 4189 762 4267 spectat:
795 4207 881 4264 66666
902 4189 1049 4249 adductae
1068 4191 1110 4246 est
1129 4180 1169 4245 di.
1190 4181 1235 4246 VI

144 4295 171 4373 1,
195 4296 224 4359 7.
258 4316 344 4374 66666
364 4304 444 4375 ferat
465 4296 506 4360 di.
532 4295 578 4360 IX
603 4297 651 4374 17,
675 4297 723 4361 11.
756 4318 842 4374 66666
860 4300 984 4373 perduci
997 4293 1026 4357 d.
1039 4292 1067 4355 b.
1080 4291 1140 4356 VII
1156 4292 1184 4370 2,
1202 4291 1229 4356 1.
