2746 4724
665 265 706 330 26

139 458 248 526 eodem
272 460 500 542 cogitationum
521 462 605 530 orbe.
648 462 697 529 Ab
719 463 778 530 hac
798 466 906 528 autem
930 465 1153 548 complexionis
1178 483 1232 530 ra·

136 568 222 635 tione
241 568 525 637 distare‘videntur
553 590 590 637 ea
605 573 758 653 exempla
784 573 837 638 ubi
866 589 964 639 causa
989 573 1114 642 artioris
1137 571 1230 657 oopu-

136 676 263 743 lationia
294 679 398 748 minus
431 681 462 744 iu
496 699 619 748 nummo
652 682 792 764 haereat,
834 682 887 748 aad
921 681 1016 748 altius
1050 681 1231 750 descendat.

136 785 247 853 Talem
261 789 345 854 euim
359 793 452 869 putes
468 808 538 858 esse
552 791 813 857 uecessitudinem
827 790 996 857 verborum
1011 793 1103 874 quasi
1115 809 1232 883 causae

134 901 168 962 et
188 895 328 964 effectus
350 896 400 965 sic
423 899 449 965 si
472 899 541 982 quis
563 900 604 966 di.
626 900 642 964 I
665 901 692 980 1,
714 903 737 966 6
757 909 845 967 boreos
868 909 948 966 m’roa
973 910 1158 981 acceptosque
1182 909 1232 968 dt's

134 1004 204 1072 ideo
225 1012 371 1088 acceptos
392 1008 464 1075 illos
486 1011 569 1076 viros
590 1009 639 1076 dia
658 1028 727 1076 esse
749 1010 833 1089 velit,
859 1009 935 1092 quia
955 1009 1029 1076 boni
1051 1010 1115 1076 siut
1135 1009 1175 1075 de
1195 1028 1232 1076 re

134 1115 213 1181 nihil
223 1104 301 1181 ''erit
326 1117 410 1198 quod
437 1117 590 1201 litigetur.
619 1119 769 1184 Eiusdem
793 1124 887 1186 notae
914 1119 972 1185 hoa
999 1120 1117 1186 habeas
1146 1119 1232 1186 locos

134 1231 465 1304 mollemcedeatemque
491 1234 646 1291 materiam
667 1226 709 1291 di:
730 1227 794 1292 VII
823 1228 872 1304 27,
896 1228 925 1292 3.
969 1232 1067 1294 oculos
1092 1232 1233 1309 fatiqatoa

134 1340 324 1414 audacesque
340 1343 381 1400 a'u
408 1359 496 1414 opere
523 1353 570 1417 ep.
602 1337 630 1415 8,
661 1338 698 1401 1.Ι
752 1337 831 1401 ·Vel
853 1341 889 1401 ιιι
913 1335 1096 1418 permutato
1122 1335 1231 1402 ordine

134 1441 281 1509 effectum
299 1447 452 1526 sequatur
472 1462 568 1512 causa
598 1456 632 1511 tu
651 1451 732 1512 motet
756 1453 941 1526 palustrique
955 1468 1069 1526 pascam
1098 1463 1146 1527 ep.
1177 1446 1228 1525 51,

137 1553 185 1618 lo.
226 1576 372 1634 aquarum
389 1562 530 1619 stantium
553 1561 774 1635 clamoremque
799 1565 910 1621 matura
938 1574 969 1620 ιι.
999 1572 1028 1635 q.
1057 1553 1179 1635 11126,
1202 1556 1231 1620 8.

135 1659 197 1727 Sed
219 1679 290 1727 cum
309 1661 386 1729 haec
410 1663 576 1729 verborum
599 1665 680 1730 ratio
702 1664 748 1730 ita
769 1664 800 1728 in
822 1667 932 1744 aperto
955 1665 997 1729 sit
1018 1668 1054 1729 ut
1075 1666 1190 1746 sponte
1210 1664 1249 1727 a

138 1771 256 1836 lectore
279 1773 436 1838 sentiatur
453 1790 511 1838 nec
525 1772 624 1838 multo
639 1792 720 1854 opus
742 1773 783 1839 sit
799 1773 942 1838 acumine
957 1773 997 1838 ad
1017 1771 1232 1855 indagandam

23 1939 27 1946 .
136 1899 206 1947 eam
228 1882 417 1947 nonaccedo
435 1882 496 1947 illis
517 1882 571 1962 qui
593 1881 771 1947 huiusmodi
794 1882 936 1963 exempla
949 1899 1064 1946 novum
1080 1886 1113 1948 et
1139 1881 1234 1964 plana

136 1990 317 2056 distinctum
339 2010 358 2054 a
380 1991 484 2071 priore
506 2008 606 2072 genus
628 1990 726 2056 uideri
747 1990 867 2056 volunt.

235 2099 353 2166 Verum
375 2104 484 2165 autem
504 2099 671 2166 discrimen
691 2119 764 2167 cum
787 2100 950 2181 adpareat,
973 2101 1087 2168 mento
1109 2099 1228 2182 aprio·

136 2208 223 2276 rihus
253 2208 441 2276 distrahitur
473 2210 504 2276 id
536 2229 635 2292 genus
667 2211 751 2290 quod
785 2192 902 2293 insigne
935 2214 984 2274 est
1013 2210 1232 2277 coniunctione

136 2318 361 2385 adiectivorum
395 2319 436 2385 ad
463 2319 568 2385 varias
602 2339 653 2385 res
686 2320 919 2401 spectantium·
949 2317 1055 2385 Minus
1077 2337 1149 2384 uero
1182 2319 1233 2386 hic

136 2446 214 2494 usus
241 2445 311 2492 cum
333 2426 459 2510 proprio
482 2432 514 2493 et
536 2428 671 2508 genuino
696 2426 870 2518 particulae
891 2449 947 2506 qae
967 2445 1063 2493 seusu
1088 2427 1232 2506 concinit,

25 2535 32 2613 ᾗ
136 2537 243 2618 itaque
265 2535 366 2608 minor
386 2535 479 2601 huius
500 2539 596 2601 notae
618 2537 997 2618 exemplorum-numerus
1011 2544 1070 2616 est,
1097 2552 1232 2615 quorum

138 2645 350 2728 iutntellegat
351 2664 389 2709 ur
393 2644 516 2724 quales
536 2645 620 2710 locos
633 2645 809 2727 respiciam,
829 2645 890 2711 duo
902 2644 1074 2725 adponam:
1095 2667 1235 2725 mrum

136 2755 482 2836 lauqumquehouumd.
505 2754 679 2833 cl.11,5
711 2774 783 2832 quoa
805 2758 904 2819 martia
925 2759 1001 2820 bella
1020 2760 1117 2819 claros
1126 2762 1229 2834 potem·

136 2873 234 2944 tuaque
252 2867 384 2941 feceruut
405 2879 454 2942 ep
479 2861 530 2940 94,
552 2861 602 2925 46.

235 2972 302 3037 lam
337 2971 377 3036 de
407 2970 517 3053 paucis
548 2970 622 3035 locis
646 2932 854 3050 loquendum,
888 2967 942 3049 qui
963 2966 1230 3053 quemadmodum

138 3080 192 3146 uui
213 3086 289 3147 ext
275 3079 377 3147 tribus
398 3079 611 3162 superioribus
632 3078 829 3161 generibus
821 3081 1001 3144 inserantur
1021 3077 1137 3160 quippe
1159 3093 1230 3142 cum

138 3189 308 3255 abhorrere
330 3189 497 3254 videantur
519 3188 559 3254 ab
583 3188 738 3268 omnibus,
759 3186 1002 3271 primodubium
1018 3184 1229 3266 essepoterit,
1298 3255 1301 3258 ,

137 3298 255 3365 habent
274 3299 356 3364 enim
376 3297 496 3379 aliquid
517 3297 681 3380 peculiare.

238 3407 336 3474 Mirus
360 3406 398 3472 fit
418 3407 572 3474 transitus
591 3426 610 3471 a
628 3405 761 3472 ‘fortiore
784 3404 932 3471 vocabulo
955 3391 996 3469 ad
1021 3402 1174 3470 infirmius
1192 3420 1229 3467 eo

138 3535 245 3594 seusu,
276 3523 313 3582 ut
346 3517 464 3598 aliquid
498 3515 686 3581 detrahatur
716 3516 755 3582 de
777 3514 807 3580 ri
834 3514 917 3580 illius
939 3532 970 3578 u.
995 3531 1025 3594 q.
1046 3513 1095 3577 III
1118 3530 1166 3594 pr.
1190 3513 1229 3577 18

139 3634 284 3704 mmmm,
315 3651 371 3707 quo
392 3649 502 3693 sumam
522 3648 683 3707 maqmoque
705 3649 778 3704 oque
800 3635 851 3701 eat,
871 3632 1039 3691 seducamus
1059 3647 1079 3689 a
1099 3643 1230 3700 corpore.

139 3735 189 3803 vel
215 3736 246 3802 d.
265 3736 296 3802 b.
319 3722 418 3817 V'lo,
441 3739 461 3802 2
481 3742 829 3802 murmurationem...
858 3757 918 3814 pro
937 3742 1062 3813 pessima
1082 3753 1233 3811 mamque
1303 3796 1313 3820 Ι

39 3888 41 3893 -
138 3854 369 3922 numerantium,
397 3852 534 3926 quicquid
562 3851 638 3910 citra
659 3852 731 3909 recti
752 3849 911 3923 formulam
931 3849 1043 3908 ceam,
1088 3840 1136 3906 De
1157 3839 1231 3904 sim-

140 3953 211 4036 plici
233 3953 407 4020 adiectione
429 3952 570 4020 vocabuli
592 3952 640 4018 his
661 3953 737 4018 locis
757 3951 888 4033 cogitari
910 3951 1028 4030 nequit,
1051 3948 1129 4014 nihil
1150 3949 1233 4013 anim

140 4065 236 4145 plana
257 4062 330 4129 novi
352 4061 491 4136 additur,
516 4059 570 4127 sed
592 4064 752 4126 coercetur
773 4060 859 4139 prior
873 4074 935 4122 vox
955 4057 1002 4122 ita
1024 4060 1060 4121 ut
1081 4079 1135 4136 que
1150 4055 1232 4120 idem

140 4170 207 4239 fere
228 4171 334 4236 valere
356 4170 440 4252 qaod
462 4179 514 4235 aut
534 4179 609 4236 certe
631 4168 805 4250 putandum
821 4168 874 4234 ait.
916 4164 1092 4233 Externum
1106 4167 1232 4244 tantum

141 4280 276 4369 speciem
297 4280 351 4364 qui
370 4279 550 4365 inspexerit,
572 4277 625 4344 his
645 4277 766 4342 duobus
786 4275 923 4344 fortasse
947 4273 1169 4341 adnumerahit
1183 4290 1233 4355 cp.
