2746 4724
632 219 701 337 ,21

140 457 236 524 verba
258 458 359 524 latina
379 466 412 525 et
434 462 582 524 accurate
597 458 808 538 interpretari,
832 458 950 540 siquid
971 459 1095 524 asolito
1116 457 1237 524 dicendi

140 585 228 632 more
248 570 395 634 recedere
416 567 571 633 videatur.
620 567 670 633 Sic
696 568 727 632 in
750 566 894 648 exemplo
917 567 1000 649 qnod
1022 566 1176 647 elegimus
1198 584 1234 631 eo

42 693 45 701 ·
138 682 261 757 spectat
282 679 444 757 parataxis
461 678 730 744 substantivorum
751 687 860 757 potera
882 682 915 742 et
935 701 1050 755 aaran,
1074 682 1111 741 ut
1133 674 1235 754 magis
1350 682 1353 689 '

138 782 339 867 praedicetur
368 787 494 851 lautitia
519 804 676 852 vasorum.
730 786 901 868 Relegetur
930 785 1028 866 igitur
1063 785 1168 865 potius
1195 799 1235 848 ex

140 894 262 960 artibus
284 895 498 974 grammaticis
519 912 633 960 nomen
666 895 746 959 illud
769 895 866 960 errori
888 895 1058 959 obnoxium
1079 899 1112 960 et
1133 895 1164 958 in
1185 911 1234 959 er-

138 1020 240 1069 rorem
260 1004 442 1084 detrudens
468 1005 548 1070 satis
574 1003 729 1069 habeatur
751 1020 902 1084 cognosse
932 1005 1028 1069 talem
1050 1022 1145 1086 saepe
1165 1020 1234 1069 esse

138 1113 270 1179 duorum
303 1113 572 1178 substantivorum
600 1115 765 1192 rationem,
796 1121 832 1178 ut
857 1115 957 1179 altero
985 1114 1144 1179 indicetur
1173 1130 1233 1190 res,

137 1224 239 1288 altero
261 1222 438 1288 accuratius
464 1223 670 1288 describatur.
720 1223 836 1288 'lotum
863 1229 971 1288 autem
996 1223 1054 1288 hoc
1084 1221 1234 1288 elocutio-

136 1350 212 1397 num
232 1349 331 1414 genus
353 1350 424 1397 cum
448 1332 581 1396 orationi
604 1332 691 1397 haud
709 1350 781 1397 raro
803 1333 994 1413 gravitatem
1018 1332 1178 1413 quandam
1201 1334 1235 1394 et

137 1441 340 1507 severitatem
369 1441 507 1520 adferat,
534 1438 682 1520 frequens
712 1446 763 1505 est
798 1440 831 1505 iu
862 1440 962 1506 Taciti
989 1441 1088 1519 libris,
1116 1439 1235 1505 Seneca

136 1568 219 1628 vero,
247 1554 283 1615 ut
311 1549 365 1630 qui
390 1547 496 1614 minus
523 1547 630 1613 faveat
659 1547 794 1613 sermoni
824 1549 987 1614 recondito
1009 1553 1041 1612 et
1061 1547 1234 1630 elaborato,

138 1658 169 1723 in
194 1658 377 1724 universum
399 1658 500 1739 parcit
521 1656 595 1724 huic
619 1675 638 1720 a
661 1655 791 1738 simplici
809 1657 885 1720 stilo
909 1655 1106 1721 dissentienti
1128 1658 1235 1737 generi

135 1766 313 1846 eloquendi.
364 1766 426 1831 Eos
455 1773 561 1830 tamen
592 1766 677 1831 locos
702 1782 782 1846 quos
810 1765 914 1830 inveni
946 1765 1008 1830 huc
1040 1765 1235 1847 pertinentes

135 1875 253 1957 quique
271 1877 443 1957 particulas
458 1898 513 1955 que
533 1880 565 1939 et
575 1885 663 1954 utque
681 1875 838 1953 exhibent,
860 1875 892 1938 in
904 1873 1041 1938 medinm
1056 1873 1230 1956 proferam:

207 2000 276 2054 puae
293 1984 324 2039 ire
341 2001 394 2038 usu
411 1990 476 2039 suut
495 1989 520 2039 et
538 2001 650 2038 martum
667 1984 767 2039 cotidie
784 1989 914 2054 tactump.
930 1984 1082 2053 patiuntur
1099 1982 1126 2035 d.
1147 1982 1177 2036 b.
1194 1979 1235 2034 111

208 2083 233 2145 2,
253 2080 278 2135 3.
314 2083 433 2136 luctator
453 2081 500 2151 qui
518 2096 607 2136 omues
629 2097 752 2136 numeras
770 2097 885 2150 uecuep.
905 2079 1057 2151 perdidicit
1083 2078 1108 2132 d.
1131 2078 1158 2131 b.
1182 2077 1234 2132 Vll

211 2180 235 2244 1,
254 2179 279 2232 4.
379 2176 487 2246 effectus
506 2177 632 2247 damuap.
653 2177 690 2232 di.
707 2177 784 2245 1112,
796 2180 819 2229 1.
855 2177 994 2231 cerbomm
1009 2173 1235 2243 maledictemrmp.

207 2274 419 2329 amaritudinem
437 2273 474 2328 di.
494 2274 620 2343 1114,3.
667 2273 813 2345 impatiens
834 2273 944 2344 imperii
968 2272 1111 2341 ratiouiep.
1138 2270 1175 2324 di.
1194 2270 1235 2323 111

210 2373 251 2434 10,
269 2374 294 2424 4.
332 2371 404 2426 ictus
422 2370 553 2440 doioreep.
577 2371 727 2440 patiantur
750 2371 788 2424 di.
808 2371 844 2426 lv
864 2371 906 2432 14,
925 2370 950 2423 2,
1000 2369 1030 2424 ire
1047 2369 1156 2439 iripora
1175 2384 1232 2438 sep·

206 2468 389 2536 teutrrbuemp.
408 2468 580 2537 serpentibus
599 2468 637 2522 di.
647 2466 685 2522 IV
698 2469 739 2535 ln,
758 2469 783 2521 5.
803 2483 836 2521 eu
846 2467 1013 2534 uolturieup.
1031 2465 1069 2522 di.
1088 2464 1126 2519 lV
1144 2464 1188 2533 22,
1208 2466 1233 2518 4.

206 2581 254 2634 per
267 2580 385 2633 poenam
404 2563 580 2632 cruciatumq.
601 2564 638 2617 di.
656 2563 694 2618 Vl
714 2563 757 2630 18,
774 2567 799 2619 8.
849 2568 879 2617 ut
898 2578 1000 2631 mappa
1017 2562 1086 2616 bella
1103 2561 1236 2630 adspectu

207 2661 371 2730 adparatuq.
394 2661 517 2716 uicerunt
544 2660 594 2727 (sic
623 2661 766 2730 adparatu
788 2678 844 2714 non
871 2664 977 2728 paratu
999 2658 1152 2728 legendum
1175 2674 1236 2712 esee

203 2756 299 2811 'elucet
318 2774 333 2808 e
352 2757 499 2810 collatione
519 2755 693 2824 Chatelainii)
705 2774 748 2826 ep.
766 2756 805 2816 14.
815 2759 840 2810 6.
855 2755 1038 2826 periculorum
1055 2754 1235 2824 pladiorump.

206 2858 373 2922 coummptus
392 2870 435 2922 ep.
455 2854 499 2920 95,
518 2855 561 2906 71.
595 2852 688 2919 feruor
705 2853 803 2923 ipuisp·
824 2870 851 2905 n.
871 2869 897 2920 q.
917 2850 1057 2919 11128,7.
1095 2855 1182 2905 artem
1198 2850 1235 2903 ai·

207 2948 404 3017 muatuaamq.
420 2965 446 3000 n.
467 2966 493 3017 q.
513 2947 549 3001 lV
568 2965 609 3016 pr.
626 2948 665 3001 ll.
703 2946 999 3018 cursumuiolerctiamp.
1019 2964 1046 3000 n.
1065 2964 1091 3015 q.
1110 2945 1148 3001 IV
1168 2946 1193 3007 2,
1207 2947 1232 3000 8.

206 3049 310 3099 matura
327 3045 436 3100 viarum
453 3044 641 3114 circulorump.
660 3062 687 3098 n.
706 3061 732 3112 q.
751 3043 803 3098 Vll
824 3046 866 3111 25,
886 3045 911 3096 7.

235 3166 303 3241 Hic,
325 3172 362 3231 ut
382 3171 626 3232 consentaneum
650 3171 709 3245 est,
732 3182 800 3229 rem
823 3181 905 3245 quae
927 3163 1105 3246 explicatur
1126 3162 1231 3243 sequi·

136 3284 190 3342 tnr
210 3294 249 3341 ea
271 3293 353 3355 quae
375 3276 526 3357 explicat,
548 3293 658 3340 rursus
679 3275 838 3339 notionem
854 3274 957 3339 minus
978 3275 1044 3338 late
1066 3277 1228 3354 patentem

136 3384 253 3468 excipit
278 3385 413 3467 amplior
430 3405 460 3451 n.
483 3403 512 3464 q.
536 3384 652 3464 11126,
676 3385 695 3449 8
724 3393 889 3464 tempestate
908 3390 1026 3462 strutup.
1050 3400 1097 3463 ep.
1119 3382 1169 3461 91,
1193 3382 1231 3446 12

134 3502 285 3559 eruturum
302 3501 348 3558 ais
368 3487 513 3574 uiasque
536 3517 592 3573 per
615 3502 696 3559 clusa
713 3499 835 3558 eioieuti
856 3493 916 3571 (sic
939 3491 1012 3555 olim
1035 3489 1229 3556 Biichelerus

134 3601 166 3666 in
182 3602 350 3669 seminario
361 3605 469 3668 nostro
491 3620 547 3685 pro
558 3611 676 3668 iuteraa
691 3605 742 3679 uisi
753 3609 900 3680 flatusque
915 3607 1073 3680 praeclusa
1090 3599 1232 3681 uiolenti).

236 3732 339 3800 Huius
361 3736 485 3815 generis
500 3735 645 3816 exempla
666 3736 698 3798 in
719 3733 834 3814 quibus
850 3733 980 3798 alterius
995 3732 1077 3797 vocis
1099 3730 1232 3797 adiectio

135 3841 173 3908 fit
195 3863 252 3925 per
273 3854 361 3925 atque
382 3844 460 3910 haec
482 3842 615 3909 habeas:

207 3952 367 4007 indomitum
384 3952 493 4008 uicibus
512 3957 593 4020 atque
609 3952 726 4021 Alpibus
744 3952 833 4007 airum
855 3968 897 4021 ep.
918 3952 962 4018 51,
980 3951 1005 4004 5.
1057 3949 1234 4018 ecspectatic·

207 4066 267 4105 aem
284 4050 381 4105 mortis
402 4064 436 4121 ac
458 4055 555 4104 metam
578 4066 622 4119 ep.
647 4048 690 4117 78,
715 4051 740 4104 4.
785 4063 863 4104 cocae
887 4063 919 4102 ac
941 4048 1031 4101 mimas
1054 4044 1091 4098 di.
1117 4044 1141 4099 V
1165 4047 1190 4113 4,
1209 4048 1234 4099 3.

208 4163 242 4201 ecc
260 4145 410 4202 Macedone
428 4163 461 4202 aa
478 4125 562 4202 libero
580 4146 619 4201 di.
636 4145 660 4199 V
681 4147 723 4213 17,
744 4148 767 4199 1.
803 4146 835 4199 iu
852 4145 948 4200 bruma
967 4161 1000 4199 ac
1015 4126 1117 4213 sripdre
1136 4142 1172 4195 di.
1182 4139 1233 4194 Vll

208 4244 251 4310 22,
277 4245 302 4296 3.
339 4258 549 4311 cepero-seusus
572 4259 605 4297 ac
632 4241 765 4297 sanitatis
788 4241 825 4294 di.
851 4240 890 4294 Xl
915 4244 956 4307 lb,
978 4242 1003 4294 2.
1044 4238 1233 4294 coniunctione

207 4353 239 4395 aa
257 4339 391 4407 naupaiue
410 4337 436 4394 d.
456 4339 483 4394 b.
500 4339 513 4393 l
531 4340 611 4407 11‚4.
648 4337 751 4395 studiis
767 4337 908 4394 aclitteris
926 4335 953 4390 d.
971 4336 999 4390 b.
1019 4335 1032 4390 1
1053 4335 1094 4404 ll,
1107 4335 1131 4390 6.
1168 4348 1233 4390 con·
