2746 4724
654 251 702 317 '30

136 451 292 542 utioctivo
314 456 346 520 ot
367 469 424 534 per
446 473 501 532 quo
522 452 555 514 ct
575 459 729 531 noratque
743 448 916 532 composito
930 447 1229 528 rocoinveniuntur‚

134 580 196 647 quo
228 561 416 628 documento
449 560 523 626 licet
554 560 601 624 uti
623 558 681 653 has
703 557 874 641 porticulus
895 575 1087 639 quamquam
1110 557 1141 622 in
1162 555 1228 622 ire-

135 671 338 752 qucutissimo
360 687 420 737 usu
442 669 514 751 sint,
535 687 597 734 nou
619 673 725 734 tamen
747 668 779 733 in
802 668 979 749 promiscuo
998 686 1077 734 csse.
1111 667 1229 733 Exstat

135 778 262 863 quidem
287 779 419 845 ethaeo
444 783 477 844 et
498 778 553 844 ills
573 778 732 858 particulo
754 777 803 842 his
816 777 908 869 locis:
927 783 1023 855 tomis
1043 783 1139 844 adbuc
1159 781 1227 842 ooli

134 896 237 967 disque
253 894 438 966 'corporibus
469 905 517 968 cp.
548 887 602 965 95,
638 887 683 951 15·
708 892 741 951 et
772 886 803 952 (1.
831 885 860 951 b.
882 886 943 952 Vll
965 888 1020 966 26,
1053 887 1074 952 4
1100 894 1166 966 quio
1184 895 1230 951 oct

133 1003 255 1063 totorum
276 1005 335 1062 tam
354 1002 458 1073 troiae
478 1002 582 1061 mentm
602 1018 638 1061 oc
651 1001 771 1061 colloco.
814 995 860 1060 At
879 996 978 1062 levius
1000 997 1031 1061 in
1046 1014 1144 1062 unum
1157 1013 1227 1062 coc·

135 1109 193 1170 unt
227 1104 382 1171 adiectivu
412 1106 516 1186 priore
549 1106 616 1170 loco
647 1122 742 1185 quum
766 1103 825 1171 hoc
845 1106 957 1186 altero,
985 1106 1036 1171 ubi
1060 1105 1229 1186 utriusque

136 1213 278 1280 vocabuli
299 1213 362 1278 vim
383 1230 439 1295 per
460 1231 495 1279 se
516 1214 614 1296 premi
638 1216 843 1280 antecedente
865 1224 925 1280 tam
943 1214 1114 1296 indicatur,
1143 1215 1227 1295 quod

135 1322 333 1389 manifestius
365 1322 420 1387 tict
448 1323 638 1405 comparatis
667 1324 824 1390 similibus
847 1324 923 1389 locis
945 1333 1005 1388 tom
1026 1330 1163 1390 honestae
1182 1330 1229 1388 rot

135 1455 170 1499 oc
197 1453 314 1499 seuerae
344 1451 392 1514 ep.
417 1432 542 1515 67,,16.’
582 1442 642 1499 tom
669 1441 764 1500 tenuis
791 1458 826 1500 oo
851 1440 964 1500 solutos
985 1452 1014 1499 n.
1036 1452 1066 1515 q.
1087 1434 1103 1498 I
1125 1437 1154 1514 2,
1178 1435 1227 1499 11.

134 1550 196 1608 tom
215 1547 308 1607 molto
329 1563 364 1607 oc
382 1564 491 1624 mayoc
511 1543 551 1608 di.
573 1541 603 1606 ll
627 1543 654 1623 1,
678 1545 707 1607 2.
741 1543 875 1624 Aequoli
898 1543 990 1608 modo
1012 1543 1229 1609 discriminan-

135 1655 190 1716 tur
222 1642 303 1715 inter
332 1669 366 1717 se
394 1674 471 1716 uuus
501 1659 634 1732 idemque
656 1657 688 1718 et
709 1676 786 1718 onos
806 1662 893 1732 atquo
914 1658 999 1718 idem.
1043 1651 1127 1717 lllud
1148 1651 1229 1734 legis

136 1760 176 1828 (11.
196 1759 232 1846 δΙΙ
255 1761 283 1839 6,
306 1762 326 1824 3
346 1783 405 1825 oon
439 1769 482 1826 cot
514 1768 591 1840 qood
624 1766 737 1833 dubitus
758 1785 798 1826 ou
819 1768 901 1826 bomo
926 1770 1015 1828 notus
1040 1783 1116 1827 onos
1137 1767 1228 1826 idom·

136 1891 191 1949 quc
211 1874 290 1933 inter
306 1874 481 1946 diuersosit,
504 1875 536 1934 et
555 1871 595 1936 di.
606 1870 654 1935 XI
677 1871 726 1954 14,
749 1871 768 1935 5
790 1875 862 1950 quid
881 1875 1008 1947 referum
1030 1875 1230 1960 Aemilianum

137 1979 309 2058 Scipionem
344 1986 395 2059 qui
424 2002 483 2044 uuo
507 2001 603 2059 poene
634 1985 786 2060 coctosque
816 1989 941 2060 tompore
965 1987 1112 2075 'spectauit
1132 1987 1231 2058 patrio

77 2170 79 2174 Α
137 2092 316 2165 triumphum
347 2092 528 2168 duonomooc
558 2093 689 2165 fratrum
711 2093 829 2165 fooccro.
869 2088 967 2153 Nemo
989 2092 1074 2155 uerte
1096 2087 1156 2152 crit
1176 2085 1232 2168 qui

113 2177 310 2262 ¹oratorium
342 2195 500 2275 quandam
532 2196 594 2261 vim
618 2196 690 2262 huic
712 2196 805 2263 alteri
826 2198 893 2262 loco
915 2196 1018 2263 inesse
1039 2201 1144 2278 neget,
1167 2214 1229 2261 non

137 2304 242 2370 miuus
274 2309 380 2370 tamon
412 2312 533 2372 certum
565 2310 616 2373 ost
648 2305 803 2372 debilitari
835 2305 1086 2377 obfirmationem
1122 2303 1231 2370 addita

137 2427 213 2479 vocc
230 2436 333 2492 paone.
377 2413 484 2479 Firmo
506 2418 617 2480 contro
636 2433 674 2481 uc
697 2420 783 2483 cortu
805 2416 902 2480 viset
923 2414 1091 2480 concitatio
1117 2414 1231 2480 oratio·

51 2510 54 2515 ’
137 2520 194 2601 nis,
216 2525 363 2606 utputo,
385 2523 573 2605 conspicitur
595 2524 678 2590 hisce
699 2525 790 2591 locis:
811 2534 846 2590 ot
867 2530 1161 2590 meberootmtsto
1174 2530 1232 2589 cot·

136 2636 214 2697 licito
234 2640 367 2697 scrutato
387 2638 526 2712 carieque
545 2641 662 2699 condito
686 2658 749 2700 com
770 2641 915 2699 subierint
942 2643 1078 2710 ventrem,
1099 2658 1159 2700 ooo
1185 2642 1230 2700 ot·

23 2788 37 2821 .,
137 2762 190 2819 quc
211 2747 310 2806 codem
337 2746 464 2818 foeditas
489 2750 639 2822 occupabit
660 2762 709 2824 ep.
741 2745 881 2826 110,13.
936 2751 1027 2811 acteo
1052 2769 1120 2811 nou
1138 2754 1233 2825 poteo

136 2854 278 2927 cobbart,
299 2873 339 2915 on
359 2856 445 2931 quoto
465 2856 542 2917 ttbod
555 2860 602 2932 stt,
624 2859 683 2927 tote
703 2860 756 2919 too
775 2860 814 2919 sit
835 2854 960 2934 (supero
982 2855 1099 2921 scilicet
1121 2860 1155 2921 ot
1179 2872 1230 2921 sc·

136 2957 274 3039 pientem
301 2959 392 3042 esse),
424 2971 469 3026 ut
496 2967 670 3040 quibusdam
696 2972 849 3043 utromque
875 2986 967 3028 norun
987 2969 1122 3028 videatur
1147 2973 1234 3043 atquo

134 3072 214 3133 idern
234 3085 283 3148 cp.
308 3067 377 3147 117,
400 3068 469 3147 8¹).
514 3067 719 3154 Oppositionc
733 3089 941 3152 porsonomm
955 3071 1084 3152 insignis
1099 3075 1147 3138 cst
1168 3079 1231 3140 tor·

51 3186 55 3201 ‘
135 3175 200 3242 tius
219 3177 306 3242 locus
327 3176 356 3242 (1.
378 3175 407 3242 b.
437 3175 466 3242 V
494 3179 523 3258 8,
551 3180 570 3243 3
611 3202 702 3259 nequo
732 3189 808 3245 onim
827 3186 906 3246 otius
935 3189 988 3246 dot
1007 3204 1096 3261 quom
1115 3189 1231 3262 commit,

135 3289 188 3349 scot
207 3307 286 3350 onoc
304 3295 391 3365 otono
409 3290 495 3353 idem.
540 3287 646 3354 Minus
671 3288 736 3353 tulo
761 3288 929 3355 discrimen
955 3290 1157 3373 conspicuum
1183 3296 1234 3358 est

135 3391 168 3458 in
190 3393 239 3461 his
261 3394 431 3475 exemplis:
453 3402 563 3461 multos
584 3419 619 3462 oc
638 3403 740 3462 corios
763 3403 924 3474 uoluptates
944 3414 993 3479 cp.
1014 3399 1063 3475 69,
1087 3400 1116 3464 4.
1137 3423 1176 3465 m.
1197 3421 1234 3465 oo

83 3527 86 3538 ·
135 3525 162 3567 o.
184 3504 299 3568 errores
317 3503 347 3569 d.
369 3503 398 3570 b.
421 3504 437 3569 I
458 3506 486 3584 1,
511 3505 537 3571 l.
567 3509 679 3570 contra
704 3512 813 3571 multoe
837 3512 966 3585 corioro.
996 3512 1089 3586 factos
1108 3525 1139 3573 u.
1162 3508 1231 3588 q.1

139 3610 166 3692 1,
189 3613 218 3679 2.
260 3636 299 3677 m.
324 3618 430 3692 corito.
452 3621 572 3678 cometes
593 3630 622 3677 u.
646 3629 675 3692 q.
697 3611 762 3678 VH
784 3614 832 3692 17,
856 3616 886 3681 3.
927 3640 966 3680 m.
993 3605 1098 3695 corito.
1124 3622 1234 3682 coloreo

137 3737 185 3802 ep.
210 3721 278 3800 121,
301 3722 330 3786 5.
384 3721 454 3787 Non
476 3721 587 3788 omitto
609 3711 779 3804 tamquam.
796 3723 971 3791 clausulam
995 3724 1167 3807 adiungere
1188 3726 1233 3791 lo·

85 3859 87 3862 ⁴
137 3846 209 3895 cum
230 3831 285 3911 qui
306 3830 466 3896 insolitum
496 3832 528 3897 in
557 3829 607 3898 his
627 3830 790 3898 adiectivis
814 3832 1027 3902 dissolutionis
1049 3835 1232 3918 exemplum

137 3938 263 4008 exhibet
291 3938 321 4005 d.
345 3939 383 4007 cl.
405 3940 448 4010 II.
470 3942 499 4020 2,
522 3943 541 4005 2
561 3948 669 4008 mutus
697 3965 780 4008 cocco
807 3967 930 4025 mannas
955 3951 1009 4010 scd
1041 3950 1232 4011 detestabiles.
1327 3968 1330 3975 ’

139 4047 202 4124 Sed
232 4047 348 4113 lenitur
380 4047 509 4116 offensio
547 4051 710 4118 interiecto
742 4051 940 4119 substantivo
972 4057 1004 4118 et
1035 4054 1234 4134 oppositione

138 4209 337 4223 Ἣ

238 4277 258 4348 ¹)
273 4276 335 4332 Non
355 4277 459 4347 legitur
476 4278 551 4348 opud
571 4277 702 4334 Senecam
721 4237 826 4334 tontum
847 4279 920 4334 about
939 4283 1020 4334 utut.
