2746 4724
678 259 726 329 ,61

688 503 726 567 X.

261 633 309 698 De
335 607 515 716 anaphoras
543 608 645 714 figura
676 649 758 713 quae
786 637 917 696 vocatur
937 630 988 694 vel
1008 635 1045 696 ut
1064 629 1164 694 latino
1185 633 1255 695 uta-

158 762 230 808 mur
252 743 406 813 vocabulo
427 742 466 806 de
484 741 672 822 repetitione
695 759 778 808 nunc
799 739 934 805 locuturi
957 757 1078 819 sumus,
1100 737 1254 817 siquidem

155 853 214 919 hoc
235 853 294 919 sub
316 853 410 919 titulo
431 856 677 932 quaererentur
693 851 1036 931 exemplacomponere
1057 848 1146 913 nobis
1169 847 1252 912 licet.

155 961 194 1028 N.
217 979 246 1042 q.
271 962 319 1027 111
345 961 392 1037 16,
417 961 433 1025 1
457 961 554 1042 igitur
578 959 659 1025 hanc
680 960 758 1041 legis
789 959 978 1024 sententiam
1001 963 1052 1023 sed
1073 978 1166 1036 quare
1191 963 1255 1036 qui-

156 1077 225 1137 dum
242 1070 340 1152 fautus
357 1077 439 1136 sauls
458 1077 539 1136 horis
555 1077 638 1149 pleuu‘
653 1076 787 1149 seruisque
808 1075 876 1134 sicet
897 1073 986 1134 suut?
1023 1066 1189 1131 Adiectum
1205 1069 1255 1131 est

155 1202 210 1258 que
230 1180 365 1245 iteratae
386 1180 453 1244 voci
475 1186 552 1244 suuis
566 1184 696 1260 propter
718 1179 820 1258 ipsam
835 1177 1062 1257 repetitionem.
1106 1175 1153 1238 lla
1170 1172 1254 1239 enim

156 1293 205 1354 est
225 1289 273 1355 vis
293 1287 470 1370 particulae
492 1287 576 1354 illius
599 1293 635 1354 ut
657 1288 770 1354 similia
789 1287 969 1367 coniungat.
1013 1282 1078 1350 Nec
1099 1283 1254 1367 estquod

156 1397 233 1462 mihi
254 1397 370 1464 obicias
394 1399 579 1478 scriptorem
603 1398 689 1477 loqui
719 1396 758 1462 de
785 1388 908 1462 diverso
930 1394 1063 1460 fontium
1087 1398 1184 1472 statu,
1213 1393 1253 1457 si-

155 1500 238 1574 milis
260 1508 343 1576 anim
366 1507 416 1573 uel
436 1508 544 1588 potius
574 1527 634 1589 par
662 1508 744 1573 alter
769 1491 868 1572 alteri
890 1509 941 1571 est
963 1501 1117 1584 temporis
1140 1484 1270 1586 spatio„

154 1617 304 1683 Attamen
331 1616 390 1680 hoe
423 1617 489 1682 loco
521 1635 583 1682 non
605 1617 637 1681 in
664 1615 794 1705 arbitrio
821 1613 983 1695 scriptoris
1012 1612 1149 1695 pesitum
1170 1616 1252 1687 erat,

154 1731 264 1792 utrum
280 1724 466 1791 vocabulum
485 1727 646 1807 repeteret
659 1742 766 1803 necne,
781 1723 850 1806 ipsa
864 1741 915 1788 res
933 1723 1086 1803 poposcit.
1129 1719 1250 1788 Eadem

152 1852 226 1900 vero
248 1834 419 1900 necessitas
448 1834 532 1916 parti
554 1851 663 1899 eorum
693 1833 908 1914 exemplorum
929 1831 1028 1910 abest,
1049 1847 1132 1910 quae
1153 1847 1251 1910 supra

155 1944 186 2009 in
210 1948 381 2024 conspectu
394 1942 567 2024 posuimus,
588 1943 642 2008 ubi
663 1943 702 2008 de
716 1941 954 2024 pronominibus
974 1941 1172 2022 disputatum
1192 1943 1250 2006 est.

154 2052 296 2118 Vidimus
317 2053 380 2118 illie
401 2053 433 2116 in
457 2051 645 2134 repetitione
665 2051 859 2134 pronominis
881 2048 1006 2115 relativi
1027 2071 1082 2129 que
1102 2048 1250 2131 positum,
1330 2066 1333 2073 ·

154 2165 253 2244 atque
272 2162 305 2226 in
323 2161 465 2244 exernplo
487 2161 572 2241 quod
586 2166 692 2227 exstat
715 2179 745 2225 1.
767 2177 797 2240 q.
820 2159 864 2224 VI
890 2160 917 2243 1,
940 2160 980 2224 10
1000 2166 1072 2224 istos
1093 2165 1144 2240 quu'
1167 2163 1250 2224 Ouau-

150 2279 262 2351 111111
272 2279 515 2336 rerruutu'uuuruut
526 2254 633 2351 quiq‘ue
639 2279 707 2349 post
723 2276 800 2335 huuc
814 2291 913 2334 cusum
923 2274 1140 2349 emiaruueruut
1151 2267 1182 2347 ii,
1194 2267 1250 2348 qui
1331 2327 1334 2335 ,

155 2380 373 2463 migrationem
406 2377 536 2460 faciunt,
567 2398 602 2444 re
624 2378 751 2460 quidem
781 2377 873 2443 iidem
899 2383 973 2444 sunt
1004 2383 1101 2457 atque
1128 2376 1175 2441 illi
1195 2377 1249 2459 qni

159 2486 350 2570 Campaniae
372 2470 564 2568 renuntient,
588 2487 684 2554 verba
705 2494 813 2554 autem
834 2489 882 2554 ita
901 2488 1086 2570 comparata
1107 2492 1191 2565 sunt,
1211 2491 1249 2551 nt

154 2596 247 2664 facile
272 2598 382 2664 credas
414 2598 452 2664 de
485 2598 617 2665 diversis
647 2596 825 2663 hominibus
857 2598 1042 2680 scriptorem
1071 2595 1168 2677 loqui.
1211 2594 1247 2660 In

152 2706 234 2772 hunc
256 2713 363 2773 autem
393 2725 531 2773 errorem
562 2708 729 2787 quominus
757 2705 931 2772 incidamus
960 2704 1165 2787 prohibemur
1193 2727 1249 2785 que

150 2817 317 2898 particula,
343 2835 406 2897 qua
421 2815 521 2882 artior
543 2813 678 2882 efficitur
691 2803 919 2881 sententiarum
940 2815 1110 2898 copulatio.
1142 2816 1248 2896 Atque
1310 2804 1315 2823 '

150 2925 245 2990 huius
267 2931 360 2992 notae
375 2927 519 3007 exempla
542 2926 626 3007 apud
649 2924 810 3003 Senecam,
836 2943 907 2990 cum
921 2943 982 2990 non
1003 2926 1030 2990 is
1053 2925 1095 2990 sit
1116 2923 1249 3005 scriptor

150 3032 205 3112 qui
225 3034 391 3102 brevitatis
414 3053 521 3101 curam
543 3041 629 3116 agat,
651 3035 744 3117 plura
764 3033 911 3100 inuenies.
955 3033 1120 3099 Interdum
1141 3036 1248 3099 sutem

154 3140 335 3209 diversitate
355 3143 522 3210 verborum
551 3161 569 3207 e
597 3143 710 3224 quibus
731 3142 859 3226 singula
880 3143 1022 3209 membra
1043 3142 1180 3224 pendent
1198 3160 1249 3207 re·
1281 3225 1286 3237 .
1350 3181 1352 3184 >

150 3255 259 3333 petere
280 3253 404 3333 cogitur
426 3252 561 3334 scriptor
588 3251 653 3318 sive
681 3252 812 3317 eandem
841 3253 907 3318 sire
938 3251 1032 3317 aliam
1055 3249 1248 3332 pronominis

150 3357 293 3440 formam,
315 3366 352 3426 ut
372 3368 457 3427 euius
476 3368 538 3427 iuuu
559 3383 609 3427 rus
630 3367 772 3442 upebutur
794 3367 934 3441 cuiusque
961 3348 1087 3426 murima
1104 3359 1247 3425 iuuuuut

150 3469 192 3534 di.
216 3469 260 3535 VI
284 3471 333 3550 15,
355 3472 374 3534 2
400 3477 456 3535 aut
477 3478 529 3552 qut
545 3476 641 3537 eoluut
660 3475 820 3551 quibusque
839 3493 898 3536 uun
914 3476 1032 3550 pluceut
1050 3469 1079 3535 d.
1102 3469 1131 3535 b.
1153 3468 1198 3534 lv
1218 3468 1247 3548 1,

150 3581 180 3644 2.
237 3577 282 3644 Ut
304 3579 335 3644 in
352 3579 402 3645 his
423 3580 595 3648 enuntiatis
617 3581 744 3660 utrique
765 3578 906 3645 membro
929 3596 1022 3645 suum
1044 3583 1092 3646 est
1113 3578 1245 3644 verbum

148 3686 282 3768 finitum,
306 3689 351 3754 ita
374 3689 470 3755 etiam
493 3690 525 3754 in
548 3690 596 3754 his
618 3707 699 3770 quae
721 3693 872 3754 secuntur
894 3688 1064 3770 exemplis:

134 3817 135 3821 ¹
219 3803 495 3869 quantus-querutum.
514 3798 552 3853 di.
571 3798 622 3868 12,
641 3800 667 3853 4.
685 3796 758 3853 mv
776 3799 802 3863 3,
816 3799 841 3853 2.
879 3795 1056 3868 quod-quodq.
1078 3795 1116 3852 di.
1134 3794 1160 3849 ll
1180 3797 1204 3864 1,
1218 3797 1246 3850 3.

219 3894 258 3950 di.
276 3895 377 3961 11120,
397 3895 422 3949 8.
442 3895 480 3949 di.
500 3893 551 3950 v11
571 3896 595 3964 1,
613 3897 638 3950 3.
675 3899 937 3967 quantus-quuutoq.
956 3893 994 3949 di.
1011 3891 1062 3946 VII
1083 3894 1108 3962 1,
1129 3893 1153 3948 1.
1184 3897 1246 3947 tuu-

219 3995 380 4061 tuatuutoq.
400 4009 429 4046 n.
452 4007 478 4060 q.
498 3990 537 4044 lII
566 3991 608 4060 18,
632 3992 657 4046 3.
704 3995 955 4060 quum-quantumq.
978 4008 1005 4044 n.
1032 4006 1057 4059 q.
1082 3987 1120 4045 tu
1148 3988 1192 4057 32,
1221 3991 1246 4043 3.
1345 3986 1353 3995 “

220 4093 463 4158 mauu-quaeue
482 4087 509 4141 d.
526 4087 586 4142 ul
607 4088 648 4156 15,
667 4088 692 4141 4.
712 4085 739 4141 d.
757 4086 790 4141 11
809 4088 858 4155 15,
877 4087 902 4141 2.
921 4084 1138 4156 qualis-qualiaq.
1158 4085 1195 4139 di.
1205 4083 1244 4142 XI

222 4185 263 4254 18,
280 4185 306 4240 8.
342 4199 541 4256 quam-quumq.
559 4183 587 4238 d.
604 4184 631 4239 b.
647 4182 673 4238 V
692 4183 734 4252 17,
754 4183 778 4237 1.
791 4182 828 4238 d'u
847 4182 871 4239 V
889 4182 933 4253 30,
947 4184 972 4237 2.
985 4201 1013 4237 n.
1031 4200 1057 4253 q.
1075 4182 1114 4239 IV
1132 4199 1174 4252 pr.
1193 4183 1241 4236 22.

218 4282 277 4337 atta
292 4281 407 4349 fortmuu
423 4281 528 4350 utrae
548 4280 683 4336 misahelis
699 4279 738 4335 di.
756 4279 794 4335 VI
816 4281 859 4350 18,
877 4279 903 4334 4.
