2746 4724
665 267 707 334 511

142 472 175 532 tn
194 472 345 532 mutium
361 487 439 532 uun
455 473 641 546 producitur.
695 464 765 531 Iam
787 466 820 531 in
840 467 888 536 his
908 471 985 534 sunt
1006 484 1088 548 quae
1107 482 1236 548 progre-

141 575 280 642 dientem
300 581 473 641 morentur.
515 574 736 643 Praeferemus
759 575 843 642 enim
865 576 978 644 codicis
998 576 1023 641 B
1046 575 1235 658 scripturam

140 705 279 765 unquam,
302 682 377 762 quia
408 683 453 750 eis
475 701 557 763 quae
578 681 724 749 hocloco
752 682 792 747 de
812 684 918 763 spatio
940 683 1140 764 potissimum
1161 699 1236 749 van·

142 797 248 858 turum
268 790 424 872 dicuntur,
447 794 552 874 aptior
575 795 624 858 est
650 793 801 875 temporis
832 811 928 876 quam
961 792 1023 858 loci
1050 790 1235 874 designatio.

141 884 336 967 Tumnonne
358 900 417 968 hoc
439 920 535 969 sensu
557 907 653 986 earet,
678 921 732 970 eos
753 908 864 969 ventos
883 920 945 968 non
965 918 1067 982 usque
1089 900 1123 965 in
1143 900 1236 967 meri·

139 1009 222 1077 diem
244 1009 376 1093 produci
389 1010 444 1090 qui
461 1011 542 1077 eirca
556 1012 694 1078 medium
708 1013 792 1080 diem
811 1012 1052 1094 relanguescere
1069 1009 1236 1083 dicantur?

138 1122 235 1188 Βθοῑο
253 1125 330 1187 citro
348 1125 476 1186 mettun
495 1119 707 1189 Buechelerus
729 1121 928 1190 scribendum
954 1119 1093 1186 coniecit
1140 1119 1236 1187 Aliud

82 1229 86 1242 ’
142 1230 291 1297 mendum
318 1229 402 1297 latet
431 1229 464 1295 in
495 1230 698 1312 sequentibus
730 1230 834 1299 verbis
859 1238 923 1298 otio
949 1239 1047 1298 autern
1073 1234 1237 1296 uueubior

139 1361 176 1406 na
204 1345 319 1406 trouu
345 1346 388 1405 eat
417 1349 511 1419 prout
532 1347 742 1408 valentioribus
763 1345 960 1406 minoribusve
984 1344 1112 1405 autern
1138 1343 1237 1405 onmis

140 1456 191 1527 oct,
224 1447 339 1529 quibus
371 1465 554 1516 succurrere
584 1455 717 1516 conatus
749 1453 798 1516 est
826 1446 966 1515 Haasius
997 1453 1058 1513 aliu
1078 1451 1152 1530 post
1172 1452 1238 1513 ntia

140 1565 236 1623 onem
266 1557 443 1624 inserendo.
493 1556 648 1624 Remanet
678 1575 753 1625 vero
783 1557 956 1623 etiamnum
987 1555 1107 1622 vitium.
1161 1554 1238 1634 Quis

139 1666 222 1732 enim
244 1665 306 1730 erit
326 1665 381 1747 qui
402 1683 475 1733 cum
499 1667 538 1732 de
559 1671 700 1749 tempore
722 1668 755 1734 et
777 1666 880 1748 spatio
901 1671 1066 1732 ventorum
1090 1665 1237 1748 disserat,

140 1775 238 1842 alium
260 1774 302 1842 ab
323 1774 385 1841 alio
406 1775 561 1842 brevitate
583 1774 710 1842 differre
731 1775 839 1842 deut?
882 1774 1073 1858 imperfecta
1087 1792 1163 1856 ergo
1186 1780 1235 1842 est
1288 1841 1289 1844 ,
1322 1809 1324 1813 v

142 1883 243 1950 oratio
273 1901 330 1951 nec
360 1883 481 1964 inqua
502 1885 610 1966 priora
632 1884 861 1967 posterioribus
887 1882 1108 1965 respondeant,
1138 1901 1236 1964 quam

142 1993 202 2060 boe
221 1991 288 2059 iere
308 1994 402 2060 modo
424 1993 638 2076 explebimus:
669 1994 731 2060 alio
754 1999 863 2061 autem
878 1993 942 2060 alia
962 1993 1087 2076 longior
1107 1987 1145 2060 ao'
1165 1993 1236 2061 bre·

139 2102 207 2170 vior
239 2105 288 2169 est
319 2107 422 2185 prout.
482 2103 569 2170 Nihil
602 2121 680 2168 vero
714 2105 791 2176 certi
817 2121 887 2170 cum
913 2122 954 2170 ex
984 2102 1113 2168 traditis
1135 2100 1238 2167 verbis

139 2213 306 2279 enucleare
326 2211 404 2278 mihi
425 2212 600 2294 contigerit,
621 2213 708 2279 inani
729 2213 938 2280 hariolatione
957 2211 1111 2280 abstineo.

239 2321 462 2389 Dissolutionis
485 2323 664 2407 exemplum
689 2323 819 2390 exhibet
842 2322 942 2389 codex
961 2321 991 2386 N
1013 2321 1043 2388 d.
1064 2322 1095 2387 b.
1116 2319 1164 2386 111
1187 2320 1235 2399 10,

140 2431 229 2499 3h1's
250 2431 353 2507 verbis
374 2455 461 2513 quom
482 2439 586 2500 deiude
613 2456 739 2514 poenum
759 2439 887 2515 irroratis
906 2436 1126 2498 rusticumve?
1146 2452 1237 2496 unuru

142 2547 281 2618 mutus,
303 2565 368 2608 curn
388 2548 526 2622 inportu
543 2549 680 2619 bonomia
699 2541 786 2608 sint?
811 2547 995 2622 inaequalem
1015 2550 1043 2606 et
1062 2563 1120 2620 pro
1141 2545 1247 2605 cuiue
1296 2536 1304 2558 ⁴

142 2672 199 2731 ouo
215 2655 350 2727 benenato
369 2657 511 2717 innurem
532 2657 680 2729 minorem,
701 2649 754 2717 ubi
768 2651 860 2732 uolgo
881 2649 930 2718 his
949 2648 1054 2716 verbis
1072 2658 1125 2714 out
1138 2648 1236 2715 inter·

141 2759 280 2842 ponitur.

239 2867 283 2932 At
303 2868 491 2949 plerumque
532 2869 564 2933 in
586 2865 764 2936 huiusmodi
785 2866 957 2933 enuntiatis
977 2865 1063 2950 upud
1084 2864 1236 2934 Senecam

139 2974 313 3057 particulas
344 2975 548 3056 disiunctivas
576 2963 660 3059 poni,
693 2993 870 3044 enumero
890 2975 1106 3059 exemplorum
1137 2974 1236 3042 mani-
1295 3058 1298 3063 ,

138 3083 256 3153 tostum
278 3083 333 3152 fit:

211 3219 300 3291 nupia
317 3221 439 3277 minusve
457 3204 585 3277 aretum
603 3237 630 3276 n.
641 3237 668 3290 q.
686 3219 783 3288 11126,
796 3222 822 3276 8.
853 3223 940 3290 proin
955 3233 1068 3288 aequum
1080 3217 1237 3288 iniquumve

209 3315 288 3373 suut
305 3317 417 3373 inuasit
438 3317 475 3372 d‘u
499 3317 537 3373 VI
561 3319 604 3386 18,
626 3317 651 3371 3.
704 3317 1071 3373 obmurmuratione
1094 3328 1238 3372 occursurae

210 3412 288 3490 onorio
303 3413 421 3485 frigora,
439 3414 519 3471 modo
537 3415 678 3469 imbreo.....
696 3419 798 3470 ruovora
817 3431 844 3469 n.
863 3430 889 3482 q.
908 3412 937 3467 Il
956 3411 998 3480 11,
1016 3413 1042 3464 2.
1145 3414 1237 3480 nepem

210 3511 259 3563 aut
276 3506 400 3570 donnum
411 3514 493 3578 prout
511 3508 656 3575 (101112,
671 3511 694 3562 1.
747 3507 834 3563 brebia
852 3511 902 3560 orit
919 3505 1001 3576 ionga
1015 3511 1098 3576 prount
1116 3524 1144 3562 ru
1163 3524 1188 3576 q.
1199 3505 1237 3561 VI

209 3604 252 3658 28.
262 3605 288 3659 3.
377 3604 500 3660 sublimis
518 3610 568 3660 aut
585 3605 703 3675 humulis,
717 3609 805 3675 proni
825 3603 871 3659 ulie
887 3618 915 3659 sc
933 3603 1059 3659 submisit
1078 3585 1235 3659 autsustn·

211 3698 244 3754 lit
261 3718 287 3755 n.
302 3717 328 3770 q.
347 3700 396 3766 1³,
417 3703 458 3754 11.
496 3708 581 3770 prout
597 3706 654 3766 aod,
675 3702 720 3756 ita
736 3706 786 3756 out
798 3704 885 3755 autu.
897 3696 984 3768 q.v11
997 3698 1039 3768 11,
1059 3700 1084 3754 3.
1122 3699 1237 3756 inaures

209 3795 356 3852 minoresve
364 3796 449 3868 ignee,
457 3802 538 3866 prurit
543 3796 609 3867 pins
618 3802 669 3852 ant
678 3798 769 3851 minuo
778 3795 880 3852 ninum
887 3813 915 3850 n.
926 3812 951 3865 q.
961 3793 975 3847 l
986 3797 1010 3863 1,
1020 3796 1046 3850 9.
1118 3794 1235 3864 proinde

207 3899 258 3949 out
270 3897 327 3962 aut,
341 3899 426 3962 prout
444 3899 493 3948 aut
510 3910 537 3947 n.
557 3911 583 3964 q.
601 3891 641 3948 IV
659 3895 685 3963 2,
703 3895 729 3947 2.
780 3891 899 3963 proinde
921 3891 1028 3946 maiora
1047 3895 1097 3946 aut
1115 3891 1232 3962 minora,

210 3994 295 4057 prout
313 3994 362 4044 ani
379 3988 406 4044 d.
424 3990 451 4044 b.
470 3987 510 4044 111
531 3991 572 4057 12,
590 3990 616 4043 2.
714 3989 746 4043 in
763 4004 818 4043 urio
837 3993 886 4043 ont
903 3987 988 4043 oitnro
1006 3986 1032 4042 d.
1050 3988 1078 4042 b.
1096 3987 1149 4043 VII
1168 3987 1192 4051 1,
1209 3990 1236 4046 4.

211 4100 297 4139 unum
316 4091 366 4140 aut
381 4085 497 4141 alterurn
516 4083 543 4140 d.
562 4085 597 4139 cl.
617 4085 631 4140 I
651 4087 694 4154 26,
713 4086 738 4139 4.
790 4101 844 4140 anno
861 4083 907 4140 die
923 4084 1038 4139 aterne
1055 4084 1094 4138 di.
1111 4083 1148 4140 Vl
1166 4087 1192 4153 ⁷,
1209 4085 1236 4140 2.

244 4181 418 4250 Identidem
441 4201 516 4266 ergo
540 4206 595 4265 que
615 4181 988 4249 vicemdisiunctivarum
1009 4180 1237 4262 particularum

139 4290 260 4358 obtinet
280 4295 314 4356 et
327 4293 515 4374 plerumque
531 4292 660 4375 quddam
682 4292 716 4359 in
737 4290 842 4360 verbis
858 4291 1121 4358 contrariosensu
1142 4308 1233 4376 prae·
