2746 4724
561 209 756 314 ⁴25.

144 449 237 514 nimis
261 449 422 528 langueat,
446 467 464 510 a
484 467 557 512 vero
587 448 802 513 tamnuhaud
829 447 937 529 procul
965 464 1036 512 eam
1062 446 1171 511 abesse
1192 445 1241 510 iu·

143 557 221 637 dico,
242 565 275 622 ln
297 565 376 622 omni
394 581 500 639 penore
522 580 621 623 emam
643 557 794 623 Senecam
816 556 977 637 scripsisse
1000 557 1155 638 opinatus.

243 665 424 747 Sequantur
451 667 594 731 notiones
623 667 733 732 eodem
767 667 817 731 vel
838 665 930 731 simili
951 684 1045 731 sensu
1069 662 1240 746 praeditae.

145 774 193 839 Ex
216 774 324 839 ordine
346 794 455 841 earum
480 775 752 856 compositionum,
784 776 814 839 in
838 774 952 855 quibus
975 793 1035 842 usu
1059 778 1092 841 et
1113 790 1239 840 consue·

143 881 491 964 comminutumque,
513 888 587 948 sunt
607 890 740 961 faustam
753 889 855 964 felino.
877 901 925 964 ep.
947 885 996 961 71,
1019 885 1048 950 5.
1083 889 1158 961 felic
1179 889 1241 961 for·
1341 889 1347 911 ’

144 1002 291 1074 lunatum.
314 994 407 1072 di.V
429 994 480 1073 37,
503 997 533 1059 3.
569 1000 754 1072 fortunatum
776 1001 918 1074 bantomp.
941 1013 990 1075 cp.
1013 994 1063 1077 45,
1088 994 1135 1058 10.
1179 989 1241 1057 Sed

142 1098 268 1183 longius
289 1106 361 1168 erat
381 1109 487 1167 cetera
510 1102 655 1184 exempla
677 1102 786 1172 omnia
804 1119 982 1185 congerere,
1004 1102 1105 1167 satius
1126 1101 1242 1167 iterum

146 1208 271 1277 videtur
292 1229 396 1291 pauca
408 1210 481 1293 eligi
503 1229 585 1292 quae
605 1211 680 1294 quia
703 1211 862 1278 sollemnis
876 1212 908 1276 in
928 1212 973 1278 eis
992 1216 1119 1292 quaest,
1144 1210 1243 1293 probe

97 1376 107 1396 ,
146 1317 228 1384 hunc
249 1319 426 1417 particulae
438 1321 534 1387 'usum
556 1320 736 1386 inlustrant.
779 1319 898 1386 Similia
920 1339 996 1403 ergo
1011 1321 1093 1384 inter
1114 1338 1150 1386 so
1166 1325 1243 1386 sunl

143 1426 298 1493 adiectiva
320 1430 412 1495 haec:
441 1429 608 1510 placidum,
637 1430 854 1510 tranquillum,
876 1431 956 1510 lene,
978 1430 1132 1512 quietum,
1155 1430 1241 1509 mite,
1340 1502 1345 1512 ,

145 1537 362 1618 compositum,
389 1540 565 1619 remissum,
593 1544 752 1620 pacatum,
779 1539 923 1619 tacitum,
950 1539 1054 1606 silens.
1108 1537 1177 1603 Hac
1203 1557 1242 1604 ex

142 1645 226 1712 serie
249 1646 301 1711 ubi
323 1646 385 1711 duo
400 1648 642 1737 coniunguntur,
663 1667 721 1730 per
740 1649 839 1729 quaid
861 1647 931 1715 fieri
945 1649 1036 1714 solet.
1081 1648 1132 1714 Sic
1143 1647 1241 1714 habes

236 1765 390 1838 placidum
411 1765 631 1840 tranquillatum
661 1761 692 1824 d.
723 1759 850 1834 0115,
874 1759 903 1824 5.
925 1759 954 1825 6.
977 1758 1015 1824 cl.
1038 1758 1054 1823 I
1078 1760 1126 1836 13,
1152 1758 1243 1837 1;et

189 1867 313 1932 inverso
348 1867 455 1933 ordine
492 1875 687 1949 tranquillum
711 1875 890 1950 placidatur.
932 1887 960 1933 n.
993 1887 1023 1949 q.
1051 1868 1102 1932 ΙΙΙ
1133 1869 1182 1946 26,
1212 1867 1241 1931 8.

188 1993 236 2058 ep.
261 1978 311 2055 32,
334 1978 364 2041 4.
406 1984 600 2058 tranquillum
624 1985 780 2057 quincono.
808 1977 849 2042 di.
877 1977 939 2043 XII
962 1978 1011 2056 18,
1036 1980 1064 2042 2.
1114 1984 1243 2056 numium

183 2092 364 2167 placidorum
387 2086 428 2151 di.
450 2088 467 2153 I
488 2090 517 2167 2,
541 2090 569 2152 2.
595 2087 636 2150 di.
658 2088 706 2153 III
738 2089 764 2168 1,
789 2089 816 2152 1.
859 2095 928 2152 moe
943 2093 1125 2166 placidumq.
1151 2085 1193 2150 di.
1213 2084 1242 2149 V

186 2197 217 2277 9,
239 2198 268 2263 3.
312 2219 437 2276 aequum
460 2203 640 2278 placidorum.
668 2198 708 2263 di.
734 2199 818 2276 118,
843 2200 871 2263 3.
925 2206 987 2263 leuc
1001 2203 1182 2276 placidorum.
1211 2196 1241 2260 d.

186 2305 215 2371 b.
241 2305 273 2368 ll
298 2307 358 2385 13,
369 2308 399 2371 2.
432 2314 552 2371 tacitum
572 2313 729 2387 quietumq.
755 2307 946 2386 6119916.
977 2312 1068 2371 sileas
1084 2311 1241 2386 quietumq.

188 2414 227 2479 di.
246 2415 295 2481 111
319 2416 368 2495 19,
389 2417 418 2478 2.
454 2423 582 2496 quietum
600 2425 767 2496 poculumq.
790 2416 831 2480 di.
852 2416 881 2481 V
902 2418 952 2495 43,
977 2419 1005 2480 2.
1026 2422 1154 2496 quietum
1167 2437 1242 2501 com·

184 2532 339 2604 positumq.
362 2542 411 2604 ep.
436 2525 505 2602 100,
529 2525 559 2589 8.
603 2531 665 2589 lena
686 2532 869 2605 remmsnmq.
891 2524 933 2590 di.
955 2525 999 2590 VI
1019 2525 1067 2604 18,
1089 2512 1124 2589 2.

147 2628 220 2696 item
241 2650 367 2713 purum,
389 2633 553 2716 liquidum,
576 2635 731 2700 sincerum

154 2800 157 2805 .
182 2749 476 2823 purumltquldumq.
497 2762 525 2807 n.
550 2761 578 2823 q.
601 2745 647 2810 VI
667 2744 719 2823 27,
740 2746 769 2808 2.
792 2761 822 2807 n.
845 2760 874 2823 q.
891 2743 952 2807 Vll
977 2744 1026 2823 17,
1048 2746 1077 2808 3.
1096 2751 1243 2809 noemma

181 2872 321 2930 purcmaq.
343 2870 372 2915 n.
396 2869 425 2932 q.
447 2853 480 2918 II
501 2854 551 2935 26,
574 2854 603 2917 9.
647 2859 793 2932 liquidam
812 2860 986 2932 muccrmnq.
1008 2851 1241 2932 d.cl.116,1.

144 2956 302 3023 incolume
323 2965 357 3024 et
383 2960 498 3024 similia

186 3072 332 3147 iotoprum
358 3076 530 3150 incolumen.
553 3069 594 3135 di.
621 3071 704 3150 116,
734 3071 763 3135 5.
812 3077 926 3137 sulcum
953 3076 1121 3149 taeolmneq.
1150 3067 1191 3132 di.
1213 3068 1242 3133 V

188 3176 238 3257 23,
258 3177 287 3241 3.
330 3184 471 3243 incolume
492 3185 662 3258 intactumq.
684 3178 723 3244 di.
753 3180 803 3245 III
827 3181 856 3259 8,
880 3180 908 3244 7.
964 3185 1111 3260 inopum
1136 3183 1241 3244 inliba-

186 3293 275 3365 tumq.
298 3285 339 3352 di.
362 3288 395 3352 II
417 3290 448 3366 6,
472 3289 500 3354 7.

146 3395 281 3460 solioum
302 3401 335 3485 et
357 3397 472 3462 similia

189 3511 294 3570 bonum
314 3514 468 3588 solidumq.
491 3526 540 3590 ep.
566 3510 617 3588 56,
642 3509 690 3574 11.
722 3515 873 3574 robustum
887 3513 1042 3586 solidomq.
1066 3524 1115 3587 ep.
1138 3505 1187 3586 72,
1209 3505 1239 3569 5.

183 3620 304 3691 firmum
324 3621 478 3696 solidmnq.
506 3637 554 3699 ep.
579 3618 629 3698 95,
659 3619 707 3683 15.
737 3617 783 3698 (ac
808 3617 839 3681 d.
865 3616 895 3681 b.
920 3615 981 3680 VII
1008 3616 1058 3694 26,
1081 3615 1125 3694 3).
1167 3618 1243 3690 forte

117 3750 120 3756 ’
188 3729 344 3804 solidmnq.
373 3725 413 3790 di.
441 3725 485 3792 lv
513 3727 561 3803 15,
590 3728 617 3791 1.
659 3732 785 3792 solidum
811 3732 919 3805 forteq.
947 3743 976 3789 11.
1008 3741 1037 3806 q.
1066 3723 1128 3789 VH
1159 3722 1189 3799 9,
1212 3723 1242 3789 4.

185 3857 248 3914 pur
268 3840 372 3915 idemq.
395 3854 444 3916 ep.
468 3837 518 3914 26,
540 3838 572 3920 2.
593 3855 640 3917 ep.
657 3837 726 3913 162,
748 3837 797 3900 12.
841 3859 918 3901 uuus
938 3841 1043 3914 ideanq.
1065 3832 1105 3898 di.
1122 3831 1168 3895 XI
1193 3832 1242 3910 14,

187 3942 216 4009 5.
239 3943 281 4009 di.
304 3942 336 4007 Π
359 3946 388 4023 6,
409 3946 438 4009 3.

245 4053 282 4117 In
304 4053 354 4120 his
375 4053 452 4120 locis
474 4055 585 4121 eadem
613 4054 724 4121 subest
750 4054 836 4119 notio
859 4052 987 4131 utrique
1013 4049 1108 4115 verbo
1130 4066 1187 4115 nec
1208 4047 1243 4113 in

145 4163 285 4229 diversas
306 4169 414 4245 partes
427 4163 601 4241 discedunt,
623 4162 679 4230 sed
694 4177 756 4243 quo
771 4161 896 4244 planior
916 4159 1006 4224 fieret
1028 4164 1062 4225 et
1081 4158 1243 4223 inlustrior

146 4271 304 4341 sententia
323 4272 496 4356 scriptoris,
529 4271 692 4353 complura
712 4269 867 4340 vocabula
888 4269 1032 4337 adhibuit
1053 4273 1180 4351 sumpta
1201 4285 1242 4333 ox

671 4522 697 4564 Χ
